2322 3206
831 112 860 198 (
912 133 1042 202 397
1085 113 1112 202 )

65 240 136 285 re,
165 223 247 274 nist
258 223 312 270 in
329 216 515 269 summis
545 212 845 264 humerorum
873 217 983 276 oris,
1015 217 1097 267 ubi
1121 218 1343 282 utrinque
1363 223 1548 286 fingulae
1567 231 1773 280 candidae
1790 242 1889 278 ma.

68 289 209 346 culae3
240 288 353 334 item
363 297 424 331 ex
439 280 605 330 eodem
628 281 789 328 colore
818 277 996 328 alarum
1025 277 1314 344 superiorum
1342 299 1444 346 pars
1472 291 1706 342 crustacea
1737 294 1883 341 varia-

64 366 149 400 tur
163 348 224 398 sc.
246 345 438 397 maculis
458 343 635 392 finuofis
648 346 695 391 δε
711 342 1020 404 inaequalibus.
1080 345 1203 394 Item
1218 348 1349 410 ipsius
1360 349 1453 399 alvi
1469 365 1558 402 orae
1573 357 1768 408 maculis
1780 353 1881 405 sub-

64 414 192 463 flavis
210 411 458 460 variantur.

129 478 190 525 In
211 474 409 525 dumetis
421 475 467 520 δε·
488 471 540 519 in
561 469 706 519 hortis
719 465 748 520 ὲ
768 468 876 520 Cal.
893 470 1040 520 Maiis
1053 468 1284 535 frequen&
1893 487 2007 524 Locus,

705 605 890 655 Titulus
953 606 1239 656 XXXVIII.

156 675 309 720 Ci‘mex
331 672 540 719 maximus
558 667 695 731 pull-us
710 669 801 729 sive
822 683 1004 731 atratus,
1036 670 1114 717 alis
1135 672 1260 718 nudis
1278 688 1328 719 ex
1349 683 1429 720 toto
1451 674 1801 729 membranaceis„

131 791 160 843 S
189 787 215 839 ὲ
238 789 452 839 maximis
466 786 533 837 sui
553 787 734 851 generis
745 788 1018 837 animalibus
1033 787 1114 838 est.
1889 813 2085 868 Deffflpm

112 856 115 861 ’
222 855 282 904 Εἰ
303 854 436 902 color
448 867 506 900 ex
524 864 627 900 toto
643 863 763 911 ater,
791 851 879 900 five
898 867 959 901 ex
968 848 1099 900 fusco
1119 864 1305 904 atratus.

123 919 286 981 Caput
302 919 541 979 exiguum.
604 915 752 965 Oculi
768 915 1133 976 protuberantes.
1195 917 1397 967 Aculeus
1411 917 1461 965 in
1475 933 1555 966 ore
1566 917 1750 983 crassus,
1767 940 1874 987 pro-

59 979 228 1030 tensus.
292 980 553 1030 Cornicula
573 978 696 1025 haud
717 976 874 1023 brevia
891 1012 911 1036 ,
941 975 969 1024 ὲ
1004 979 1116 1026 raris
1144 975 1400 1040 juncturis:
1434 993 1594 1030 tenues
1623 985 1873 1038 admodum

58 1045 275 1092 cervices.
322 1042 544 1091 —Humeri
575 1038 824 1099 inaequales
856 1042 920 1088 ob
957 1039 1165 1102 quaedam
1188 1041 1438 1094 tubercula.
1501 1045 1645 1094 Alvus
1677 1049 1872 1100 multam

56 1108 350 1169 exporrecta,
369 1106 421 1152 in
438 1115 627 1153 acutum
640 1101 857 1150 definens.
920 1104 1145 1164 Quatuor
1153 1108 1234 1157 alae
1252 1124 1313 1160 ex.
1331 1118 1433 1155 toto
1449 1109 1497 1156 ὅτ,
1516 1111 1648 1158 nudae
1670 1116 1715 1161 &
1727 1128 1872 1166 mem..

56 1171 313 1230 branaceae,
346 1181 394 1216 at
405 1165 659 1229 superiores
675 1164 822 1239 magis
841 1163 1139 1216 infuscantur.

117 1234 263 1282 Pedes
283 1246 460 1291 tenues,
492 1229 735 1294 praelongu
1849 1279 1853 1283 Α

86 1340 91 1343 s
118 1297 221 1345 Hos
235 1297 364 1344 vivos
387 1296 539 1344 adhuc
554 1308 657 1343 non
671 1289 785 1352 vidi,
812 1287 890 1340 sed
911 1291 1133 1354 plurimos
1147 1294 1198 1342 in
1213 1295 1508 1345 Araneorum
1521 1300 1624 1349 telis
1637 1297 1870 1363 suspensos
1888 1323 2006 1362 Locus.

57 1361 210 1421 reperi
226 1358 543 1420 Cantabrigiae
567 1357 622 1431 in
638 1352 826 1403 summis
840 1357 1126 1430 templorum
1145 1360 1302 1419 tediis,
1326 1362 1370 1407 &
1392 1359 1598 1411 fenestris
1618 1363 1870 1416 bibliothe-

54 1435 120 1471 cae
151 1420 315 1472 nostrae
331 1421 395 1471 D.
415 1420 644 1480 Johannis
665 1415 983 1480 Evangehstae.

709 1551 896 1602 Titulus
957 1551 1195 1603 XXXIX.

185 1624 334 1667 Ci'mex
349 1616 613 1677 miniatum,
642 1620 774 1680 nigris
787 1615 961 1664 maculis
975 1629 1155 1677 notatus,
1186 1620 1238 1665 H
1223 1614 1433 1681 yofhyamo
1435 1619 1526 1685 fir&
1535 1621 1698 1685 gaudg„
1700 1643 1750 1676 5.-

107 1739 136 1790 S
161 1739 215 1788 in
233 1737 547 1797 mediocribus
566 1732 640 1785 sui'
651 1735 834 1798 generis
851 1736 1161 1784 numerandus
1181 1733 1260 1785 est.
1520 1770 1523 1771 ν

153 1802 325 1866 Figura
343 1801 553 1864 corporis
571 1796 822 1861 angustior.
856 1798 1064 1847 Aculeus
1073 1813 1133 1848 ex
1147 1815 1247 1859 ore,
1277 1799 1432 1862 pedes,
1464 1804 1705 1853 cornicula
1716 1806 1864 1869 nigri·
1878 1805 2078 1861 Descriptio.

49 1879 190 1915 eant:
215 1866 336 1914 'item
353 1864 482 1914 oculi
493 1858 787 1922 cervicesque
805 1878 817 1907 :
846 1862 991 1908 Frons
1005 1873 1160 1909 autem
1168 1863 1300 1911 rubet
1313 1864 1519 1913 similiter
1527 1867 1709 1917 humeri
1721 1883 1862 1931 atque

47 1930 285 1991 reliquum.
299 1942 490 1988 corpus,
513 1925 597 1973 nifi
613 1923 692 1971 ubi
711 1923 770 1970 ad
782 1923 899 1970 imos
911 1922 1127 1972 humeros
1141 1925 1238 1973 duae
1249 1926 1439 1974 maculae
1448 1929 1610 1991 nigrae,
1639 1931 1859 1982 totidem.

47 2008 140 2054 que
156 1994 209 2040 in
230 1991 394 2039 mediis
416 1990 593 2036 alarum
611 1983 797 2033 crustis:
826 1986 944 2034 item
954 1986 1006 2033 in
1027 1999 1191 2037 ventre
1213 1988 1462 2037 imbricato
1481 1995 1604 2052 quafi
1633 2007 1723 2042 tres
1733 1996 1862 2045 ordi-

44 2071 129 2104 nes
149 2054 436 2104 macularum
463 2050 720 2117 nigrarum.
783 2047 905 2096 Vide
919 2049 1051 2111 plura
1085 2049 1163 2108 (in
1184 2048 1454 2113 Philosoph.
1483 2054 1723 2105 Tranfadt.
1744 2059 1859 2107 dicti

48 2120 113 2168 D.
127 2115 420 2178 oldenburgh)
448 2110 478 2162 ὲ
498 2127 575 2162 me
588 2112 705 2161 olim
730 2110 854 2159 edita
871 2111 928 2160 de
947 2111 1261 2162 hacbestiola.
1588 2125 1599 2129 ”
1803 2135 1809 2138 -

107 2182 156 2231 Α
179 2182 286 2230 Cal.
304 2178 546 2240 Aprilibus
561 2173 812 2224 admodum
841 2172 1057 2236 frequens
1069 2174 1263 2225 bestiola
1281 2178 1405 2225 inter
1425 2175 1540 2226 folia
1560 2178 1852 2246 Hyoscyami
1867 2190 1989 2232 Locus.

44 2242 420 2295 invenienda.Ad
431 2239 666 2290 Calendas
675 2239 830 2290 Maias
841 2237 1001 2300 paffim
1010 2235 1097 2288 suis
1111 2238 1226 2289 locis
1234 2241 1286 2289 in
1299 2241 1430 2290 coitu
1437 2242 1858 2304 deprehenduntur.

779 2371 966 2425 Titulus
1030 2372 1135 2424 XL.

47 2445 196 2488 Cimex
221 2443 417 2503 exiguus,
441 2456 546 2489 nunc
565 2440 697 2500 niger,
729 2453 838 2483 nunc
858 2434 1038 2496 viridis,
1070 2453 1175 2483 nunc
1195 2437 1338 2498 caefius,
1369 2440 1436 2485 cui
1458 2438 1539 2487 alae
1559 2459 1608 2488 ex
1630 2455 1710 2493 toto
1726 2462 1851 2493 mem—

688 2500 897 2547 branaceae
914 2499 1202 2562 praegrandes„
1400 2527 1404 2531 -

45 2620 118 2719 IS
139 2622 416 2693 inpmnium
432 2618 499 2669 sui
519 2621 707 2684 generis
726 2617 931 2667 minimis
952 2619 1260 2668 numerandus
1279 2616 1364 2680 est,
1394 2621 1472 2668 vix
1483 2622 1624 2684 triplo
1644 2624 1853 2675 Pulicem
1865 2636 2064 2692 Descripxin.

117 2682 413 2745 majusculam
437 2686 676 2732 excedens.

109 2748 211 2807 Qui
232 2749 284 2796 in
309 2746 433 2797 foliis
462 2748 618 2799 Cerafi
645 2743 786 2797 sativi
797 2746 1116 2806 inveniuntur,
1146 2744 1273 2808 nigri
1297 2741 1436 2797 sunt:
1470 2748 1572 2811 Qui
1598 2751 1647 2800 in
1670 2748 1850 2860 Uifssixcp

1731 2858 1734 2861 .
1749 2830 1776 2861 Ο
1798 2831 1852 2860 ΠΕ
