2322 3206
1177 73 1208 162 (
1261 73 1386 162 326
1422 71 1467 160 *)
1939 158 1946 161 ,

389 192 488 241 duae
508 188 644 238 lineae
665 175 952 237 obscuriores
988 176 1068 229 seu
1102 179 1408 243 nigricantes.
1471 174 1625 225 Linea
1653 171 1811 223 media
1846 175 1906 226 ab
1928 188 2125 242 utraque
2145 180 2229 233 ὣς.

390 269 540 305 trema
556 253 693 315 aequis
714 250 873 316 spatiis
892 243 1042 295 distat.
1103 244 1165 291 In
1192 258 1346 306 prona
1363 254 1461 290 tam
1484 233 1775 302 superiorum
1797 238 1937 301 quam
1950 241 2230 296 inferiorum

391 321 572 368 alarum
599 316 841 381 superficie
855 312 982 361 linea
1000 304 1189 358 craffior
1209 301 1469 356 transversa
1494 314 1684 352 arcuata
1714 302 1870 366 nigra,
1901 310 1948 356 δι
1966 303 2102 370 supra
2123 325 2249 365 eam,

389 381 821 442 lineola-angularis
842 375 994 436 nigra.
1057 372 1213 422 Linea
1225 369 1418 436 insuper
1434 368 1584 418 tenuis
1606 368 1757 415 imum
1772 369 1949 418 alarum
1965 375 2232 438 marginem
2255 370 2259 372 ’

391 445 679 498 transcurrit.
740 442 995 494 Abdomen
1015 450 1168 487 toturn
1191 433 1330 499 supra
1345 432 1566 498 infraque
1584 428 2046 505 soillidc'cinereum.

398 595 421 628 1
432 593 473 640 5.
507 571 708 627 Phalaeiia
726 566 906 617 &mediis
921 565 1173 629 minuftula‚
1206 562 1365 627 obscur&
1380 563 1524 627 rubra,
1556 560 1882 626 cumfhmioceblo
1902 566 1949 613 in
1968 563 2234 614 exterioribus

793 632 877 681 alis
896 637 1088 682 exteriore
1110 636 1299 695 margine
1318 646 1434 697 prope
1456 629 1659 694 angulum
1681 633 1830 679 imum.
2189 638 2193 641 '

443 790 447 793 ¹
528 767 634 817 Oto
655 780 858 828 corpore
874 767 921 813 82:
944 763 1031 812 alis·
1047 757 1244 812 obscure
1265 759 1417 821 rubet,
1447 770 1547 810 tam
1567 773 1721 824 prona
1736 753 1881 820 quam
1900 754 2067 822 supina
2087 760 2240 822 parte}

556 832 693 880 lineis
719 826 937 880 &lituris
956 827 1299 890 nigricantibus
1329 824 1543 875 varium:
1576 821 1813 888 praecipue
1832 823 2053 874 notabilis
2072 821 2241 873 est'di-

391 897 562 947 midius
580 896 756 945 ocellus
780 892 941 942 &linea
953 889 1291 941 semicirculari
1306 889 1542 940 albicante
1556 906 1644 952 pro
1665 890 1804 949 iride,
1837 890 1885 936 δε
1902 889 2087 938 macula
2099 890 2241 939 rubra

391 959 751 1023 lineaipraedidta
767 962 813 1007 δε
827 958 1041 1022 margine
1053 956 1385 1020 alaerexteriore
1401 950 1744 1018 comprehensa
1757 968 1844 1016 pro
1867 952 2059 1016 pupilla.
2072 953 2242 1004 Litura

391 1026 421 1076 ὲ
442 1026 584 1075 rubro
605 1025 846 1086 nigricans
862 1023 922 1072 ab
935 1022 1093 1071 ocello
1115 1023 1173 1070 ad
1186 1020 1463 1070 interiorem
1479 1020 1560 1068 alae
1578 1019 1844 1082 marginem
1860 1016 2056 1080 oblique
2075 1018 2244 1068 decur-

391 1095 468 1144 rit.
533 1090 646 1140 Alas
674 1090 733 1136 ad
755 1103 924 1150 corpus
953 1087 1146 1135 adducit
1168 1082 1457 1146 cumsssedct,
1488 1096 1541 1134 ut
1563 1099 1658 1132 una
1680 1083 1818 1131 alteri
1848 1078 2241 1149 superincumbam

393 1159 470 1209 Ex
491 1157 646 1205 Eruca
666 1168 756 1219 pro
775 1153 999 1202 viridium
1019 1149 1222 1202 secunda
1243 1152 1339 1201 hoc
1375 1165 1506 1200 anno
1525 1145 1775 1212 descripta,
1807 1147 1923 1196 exiit
1944 1147 2071 1197 circa
2092 1149 2237 1199 finem

421 1237 537 1271 unu.
997 1242 1003 1249 ·

392 1222 417 1285 J
454 1281 609 1348 Hujus
631 1282 941 1333 alia-habetur
959 1279 1137 1347 species
1164 1281 1298 1331 valde
1331 1279 1486 1330 fimilis
1495 1316 1512 1341 ,
1530 1276 1628 1329 sed*
1643 1278 1892 1343 pallidiore
1921 1275 2001 1328 scu
2022 1278 2243 1330 dilutiore

394 1352 575 1410 colore,
604 1349 782 1398 lineola
810 1350 915 1397 alba
937 1346 1116 1410 duplici
1131 1348 1184 1396 in
1204 1347 1443 1398 exteriore
1465 1346 1683 1408 margine
1705 1359 1809 1394 non
1827 1342 1975 1410 longe
1993 1344 2054 1394 ab
2069 1357 2243 1395 exortu

393 1417 490 1466 alae.
552 1414 882 1477 Superioribus
898 1414 1034 1463 annis
1049 1408 1284 1476 descripta
1306 1408 1390 1470 est,
1421 1407 1501 1458 sed
1517 1407 1809 1473 imperfec'ce.

398 1549 471 1595 16.
505 1543 710 1593 Phalaena
731 1542 888 1603 media,
919 1539 1109 1601 pulverei
1118 1537 1212 1602 fere
1231 1543 1390 1600 coloris,
1420 1538 1503 1586 alis
1524 1536 1792 1586 exterioribus
1810 1534 2014 1597 obsburiits
2035 1536 2245 1601 coloratis}

460 1627 554 1657 cum
582 1607 759 1656 maculis
793 1612 839 1655 in
861 1605 991 1653 medio
1012 1608 1168 1667 nigris,
1199 1604 1462 1651 interioribus
1493 1601 1787 1651 albicantibus.
1847 1605 1959 1650 Haec
1979 1604 2109 1650 etiam
2119 1601 2244 1669 supa-¹

459 1673 634 1721 rioribus
657 1677 782 1720 annis
803 1669 905 1733 visa
926 1666 984 1720 &⁴
1000 1668 1202 1733 descripta
1215 1669 1284 1732 est.
1304 1673 1443 1732 -96.
1460 1686 1506 1732 4.
2180 1703 2190 1706 ι

428 1737 713 1799 Transcribed.
1610 1753 1637 1781 ο
1668 1790 1671 1791 ⁷

545 1803 628 1852 Lis
649 1799 716 1850 est
748 1797 1094 1862 angustioribus
1116 1795 1262 1847 oblon
1302 1798 1356 1856 is,
1379 1797 1642 1861 *exteriores
1662 1793 1801 1847 serici
1816 1792 2247 1859 instar-splendent.

406 1806 542 1926 A
577 1864 783 1917 Maculae
805 1865 951 1926 nigrae
973 1877 1066 1911 tres
1083 1859 1192 1912 sunt
1198 1899 1216 1923 ,
1271 1861 1464 1924 uperior
1487 1862 1540 1909 in
1578 1862 1736 1909 media
1767 1863 2116 1922 propemodum
2137 1866 2241 1925 ala,

390 1929 602 1991 linearis,
633 1926 849 1978 deorsum
866 1924 992 1976 reeca
1009 1929 1160 1976 ducta.
1222 1927 1378 1987 Prope
1408 1939 1513 1973 eam
1534 1920 1740 1974 exterius
1770 1924 1930 1973 minor
1945 1927 2131 1975 macula
2151 1926 2248 1977 fus-

393 2009 469 2054 ca,
500 1994 622 2044 infra
642 2009 785 2056 quam
808 1989 960 2054 major
981 1993 1238 2056 nigricans,
1303 1991 1532 2053 Caput&
1549 1986 1744 2053 scapulae
1759 1985 1957 2045 comosae
1979 1987 2104 2051 sunt,
2135 1994 2246 2056 pilis
2320 1990 2322 1993 ’

398 2060 541 2108 denfis
555 2059 836 2118 albentibus,
868 2061 914 2106 &
932 2058 982 2104 in
998 2055 1156 2106 fronte
1172 2057 1296 2104 linea
1312 2055 1407 2103 lata
1422 2051 1678 2104 transversa
1694 2056 1847 2118 nigra.
1907 2056 2055 2104 Nulla
2071 2057 2121 2105 in
2134 2073 2246 2121 prof

401 2126 473 2172 nis
494 2126 577 2173 alis
600 2125 815 2172 colorum
833 2122 1047 2182 varietas,
1079 2122 1218 2170 nullae
1241 2120 1375 2168 lineae
1392 2117 1674 2181 transversae,
1706 2119 1846 2168 nullae
1867 2120 2076 2169 maculae.

456 2194 608 2236 Maria
627 2188 773 2238 filiola
796 2187 982 2236 invenit
1004 2191 1051 2236 δε
1072 2186 1249 2246 attulit,
1280 2185 1408 2234 circa
1430 2185 1622 2234 initium
1644 2185 1808 2235 menfis
1821 2184 1956 2245 Julii.

395 2302 472 2346 17.
504 2282 708 2334 Phalaena
724 2299 889 2349 parva,
921 2285 1004 2333 alis
1025 2282 1313 2400 loZgiussulis}
1343 2281 1610 2330 exterioribus
1649 2300 1700 2330 ex
1739 2286 1916 2344 cinereo,
1947 2283 2244 2348 atro-rubentej

1081 2368 1088 2379 ⁸
1137 2368 1163 2397 a
1209 2368 1227 2395 0
1251 2367 1292 2396 00
1313 2367 1376 2395 Ore
1399 2367 1559 2395 ‘Uarus’-

390 2435 737 2564 MEdium
772 2437 961 2490 dorsum
982 2456 1186 2506 occupat
1214 2451 1329 2491 crux
1353 2458 1413 2490 ex
1432 2442 1626 2490 cinereo
1648 2442 1872 2501 albican3‚
1904 2442 2084 2507 duplici
2114 2445 2239 2494 linea

594 2505 810 2554 constans
830 2526 845 2567 ‚-
879 2507 1026 2555 altera
1044 2508 1191 2556 crucis
1203 2508 1424 2555 medietas
1442 2508 1494 2554 in
1511 2508 1584 2555 ala
1603 2507 1767 2556 dextra
1785 2505 1868 2566 est,
1901 2509 2050 2558 altera
2063 2510 2114 2557 in
2135 2510 2242 2559 fini-

387 2564 493 2615 stra.
560 2570 742 2617 Omnes
777 2573 927 2619 crucis
959 2572 1155 2634 angulos
1189 2573 1392 2634 implent
1420 2571 1619 2620 maculae
1655 2571 2037 2622 atro-rubentes:
2072 2575 2238 2622 extimi

388 2631 565 2707 alarum
597 2636 762 2695 anguli
791 2651 849 2682 ex
886 2649 988 2684 atro
1027 2637 1218 2697 rubent,
1251 2635 1387 2698 supra
1409 2637 1535 2685 hanc
1562 2637 1791 2685 maculam
1827 2639 2052 2699 punctum
2082 2639 2237 2687 album

392 2710 615 2770 cernitur.
682 2699 784 2748 Alae
826 2701 1074 2749 interiores
1117 2698 1318 2764 superne
1358 2702 1611 2764 nigricant.
1678 2703 1753 2751 Ex
1790 2702 1944 2750 Eruca
1980 2717 2122 2764 quam
2153 2713 2257 2752 nos*

380 2760 576 2811 aluimus
601 2762 703 2825 post
721 2761 876 2813 solitas
898 2764 1296 2829 metamorphoses
1318 2765 1497 2834 egressa
1519 2764 1587 2817 est
1608 2766 1736 2815 circa
1755 2765 1899 2817 finem
1916 2768 2076 2818 menfis
2086 2766 2234 2828 Junii.

2013 2834 2087 2881 18.
2121 2831 2232 2877 Pha-
