2322 3206
863 73 1155 162 (παι)

177 186 296 238 Haec
325 176 564 246 [Papilio]
596 179 873 244 plerumque
904 179 1062 229 minor
1091 177 1158 230 est
1194 176 1513 242 praecedente,
1546 179 1791 246 pluresque
1821 187 1943 237 obti-

98 266 189 302 net
209 249 411 299 maculas
432 260 686 310 argenteas.
752 246 815 294 D.
831 249 1002 292 Petiver
1027 261 1126 294 non
1150 245 1285 294 aliter
1305 242 1448 307 quam
1467 241 1578 295 sexu
1599 244 1788 298 differre
1802 248 1945 316 suspi‘

105 329 251 365 catur.
317 312 381 360 D.
405 309 650 375 Dandridge
683 310 807 359 hanc
838 309 1029 373 integro
1057 306 1213 359 mense
1242 305 1384 360 serius
1420 307 1562 373 quam
1595 310 1723 360 illam
1750 318 1942 375 prodire

103 375 380 427 observavit.

20 491 30 496 p
104 529 150 575 9.
184 511 349 577 Papilio
384 512 642 564 Fritillarius
664 511 1001 561 Lincolniensis
1021 508 1173 580 first-iis
1189 508 1337 574 fhbtus
1369 509 1553 576 pallidis,
1586 513 1687 564 Pet.
1719 514 1938 580 Gazoph.

321 642 399 689 An
421 644 686 691 Diurnarum
703 576 980 689 minirssffbn}
989 580 1424 701 {l'ecfr-{zssciitiouffetg
1457 655 1552 705 pag.
1570 645 1675 691 106.

98 770 101 773 ’
248 762 350 810 LAE
378 764 633 813 exteriores
668 759 847 811 summa
876 758 1039 826 supina
1066 774 1199 827 parte
1220 761 1463 824 nigricant
1497 778 1605 812 cum
1636 766 1828 816 maculis
1851 767 1939 817 ali-

111 766 242 886 Α
278 840 396 889 quot
424 824 648 891 subrufis3
680 826 933 876 succedunt
966 842 1081 875 areae
1119 822 1383 875 transversae
1422 825 1530 875 rufae
1554 831 1599 875 δε
1634 830 1934 891 nigricantes.

100 888 309 938 Lineolae
335 892 624 953 nigricantes
652 888 906 940 secundum
929 906 1097 940 nervos
1122 892 1267 940 ducstae
1288 905 1415 939 areas
1434 885 1706 942 transversas
1733 894 1852 944 rufas
1884 897 1936 945 in

99 954 302 1003 maculas
327 957 721 1018 quadrangulares
752 968 832 1004 aut
866 955 1175 1018 triangulares
1198 955 1427 1003 dividunt.
1492 957 1716 1005 Extrema
1746 960 1826 1007 alae
1849 975 1932 1007 ora

100 1016 289 1066 fimbria.
306 1019 545 1070 albicante
561 1022 783 1084 cingitur.
848 1020 1134 1068 Interiorum
1151 1018 1330 1085 alarum
1349 1016 1399 1067 su
1437 1019 1514 1069 ina
1538 1036 1640 1083 pars
1662 1022 1810 1071 limbo
1827 1022 1936 1072 albo

100 1079 128 1130 ὲ
143 1082 314 1130 lunulis
328 1086 585 1146 composito
602 1085 823 1144 ambitur,
855 1081 988 1144 supra
1005 1098 1146 1144 quem
1162 1099 1271 1132 area
1280 1096 1383 1132 tran
1407 1080 1535 1131 versa
1552 1084 1603 1133 ni
1641 1101 1689 1134 ra
1707 1101 1815 1142 cum
1837 1101 1935 1135 ma-

99 1147 215 1194 culis
234 1147 451 1196 lunulatis
471 1149 577 1197 rufis
603 1149 653 1197 in
672 1150 848 1208 medio,
883 1151 930 1196 8τ,
956 1144 1162 1209 superius
1183 1148 1335 1196 adhuc
1357 1162 1464 1195 area
1482 1161 1584 1196 tran
1608 1147 1753 1208 versa,
1787 1150 1812 1198 ὲ
1835 1162 1935 1199 ma-

96 1211 213 1259 culis
234 1211 339 1258 rufis
356 1213 590 1271 quadratis
620 1210 715 1259 fere
745 1228 852 1259 curn
872 1212 1051 1272 puncto
1069 1212 1209 1271 nigro
1232 1211 1283 1258 in
1309 1211 1469 1258 medio
1494 1214 1764 1273 composita,
1797 1212 1934 1278 supra

95 1287 240 1335 quam
262 1273 353 1321 alia
388 1274 514 1323 linea
545 1274 648 1322 rufa
682 1274 709 1322 ὲ
738 1274 930 1321 maculis
967 1273 1224 1321 minoribus
1255 1270 1334 1321 sed
1368 1274 1669 1324 lucidioribus
1698 1276 1935 1339 constans,

94 1337 222 1398 quod
244 1334 446 1399 superest
477 1338 560 1386 alae
581 1337 773 1388 maculis
803 1333 1006 1400 ejusdem
1040 1337 1243 1396 coloris,
1279 1332 1356 1384 sed
1390 1337 1676 1399 minoribus,
1710 1341 1937 1404 pingitur.

93 1402 255 1451 Prona
275 1414 379 1463 pars
399 1402 575 1451 alarum
587 1401 877 1451 exteriorum
893 1399 920 1449 ὲ
936 1396 1194 1449 summoad
1210 1402 1359 1450 imum
1382 1398 1478 1465 fere
1497 1399 1597 1449 rufa
1620 1403 1704 1462 est,
1740 1407 1934 1454 maculis

95 1467 243 1528 nigris
264 1462 442 1528 aspersa
466 1486 494 1525 3-
533 1468 590 1515 ad
627 1467 908 1531 exteriorem
946 1478 1128 1519 tamen-⁷*
1149 1466 1376 1533 angulum
1410 1466 1602 1514 maculis
1623 1469 1930 1530 albicantibus

93 1529 314 1580 admixtis
333 1530 516 1592 puncstis
533 1532 677 1595 nigris
695 1531 930 1592 variatur,·
965 1526 1194 1597 ejusmodi
1211 1530 1405 1596 maculae’
1427 1531 1575 1578 imum
1591 1532 1734 1580 etiam
1758 1536 1934 1596 margi-

93 1611 205 1644 nem
226 1609 411 1644 ornant.
476 1596 578 1644 Alae
599 1596 844 1644 interiores
877 1595 1028 1658 prona
1057 1608 1190 1657 parte
1221 1594 1337 1643 areis
1380 1592 1639 1643 transversis
1679 1595 1929 1648 latiusculis

93 1659 656 1720 albicantibus&pallide
686 1657 1014 1708 rufescentibus
1037 1659 1246 1718 alternis,
1277 1659 1459 1720 punffis
1483 1660 1632 1721 nigris
1659 1664 1847 1725 notatiS,
1882 1669 1929 1714 δε

92 1724 228 1772 lineis
249 1724 398 1786 nigris
419 1724 649 1790 angulosis
671 1724 948 1784 terminatis,
982 1721 1190 1784 perbelle
1208 1724 1526 1786 variegantur.

156 1784 309 1850 Hujus
330 1789 519 1850 copiam
541 1790 604 1838 D.
619 1790 727 1839 Dale
748 1789 883 1839 nobis
908 1788 1036 1838 fecit.
1101 1788 1260 1838 Nimis
1271 1784 1458 1837 fortasse
1480 1785 1665 1850 prolixe
1687 1789 1809 1840 hane
1824 1788 1926 1856 spe-

92 1851 215 1901 ciem
237 1850 564 1915 descripsimus.
769 1857 771 1859 ’
929 1891 931 1893 -
1336 1875 1337 1883 ’
1369 1864 1396 1892 -’
1547 1870 1549 1873 ·

131 1992 204 2029 10.
237 1979 400 2045 Papilio
415 1980 670 2027 Fritillarica
689 1979 832 2027 tabulae
845 1977 1098 2043 schaccariae
1118 1981 1165 2027 in
1174 1975 1341 2027 modum
1362 1978 1601 2043 maculatae,
1623 1985 1681 2029 D.
1694 1982 1892 2035 Petiver.

261 2116 627 2166 Praecedentibus
649 2112 828 2179 differt,
857 2112 985 2180 quod
1007 2113 1245 2180 superiore
1263 2128 1395 2178 parte
1412 2116 1493 2164 alae
1509 2114 1677 2167 fundus
1702 2121 1925 2194 nigricat,

106 2121 236 2239 Α
271 2181 461 2228 maculae
483 2196 638 2242 autem
655 2181 887 2244 quadratae
910 2183 1187 2242 aurantiacae
1210 2177 1332 2240 sunt,
1372 2178 1596 2243 quodque
1618 2182 1812 2234 inferius
1841 2183 1919 2234 seu

91 2245 342 2358 {imqsparoe
364 2245 599 2307 duplicem
624 2246 857 2320 fimbriam
887 2246 1150 2313 lunularem
1178 2245 1401 2311 pallidam
1431 2245 1600 2308 habet,
1632 2245 1758 2300 linea
1778 2247 1921 2315 ,nigrzi

126 2324 189 2357 ivi
210 2324 299 2358 am.

364 2455 386 2488 1
400 2457 439 2489 1.
471 2440 634 2503 Papilio
655 2438 1091 2504 Fricillaricafimbria
1110 2441 1328 2506 puncfi‘ata,
1362 2447 1420 2490 D.
1442 2440 1644 2491 Petiver.

103 2602 106 2605 .
201 2565 468 2615 Raecedenti
495 2566 630 2616 valde
644 2569 815 2630 similis,
846 2565 1005 2618 differt
1031 2585 1174 2619 curvo
1190 2558 1471 2634 punctorum
1488 2571 1735 2634 nigrorum
1753 2555 1919 2619 ordine

228 2645 376 2692 prope
390 2645 520 2680 oram
540 2631 717 2683 alarum
733 2634 1011 2683 interiorum
1029 2636 1264 2699 utrinque.
1337 2703 1341 2707 *
1477 2636 1523 2664 '³⁴

956 2827 999 2876 R
1679 2843 1753 2877 12.
1784 2826 1914 2889 Papi-
