2322 3206
406 215 643 282 utriusque
660 229 872 267 antennae
890 218 1007 279 &gin
1022 213 1175 263 media
1198 211 1356 260 fronte
1371 210 1594 272 punctum
1617 207 1820 259 albicans
1836 211 2056 260 cernitur.
2120 211 2222 261 Alae

405 281 623 347 oblongae
639 287 683 331 δε
696 281 897 344 angustae
911 281 1074 337 golore
1093 276 1224 323 vario
1240 273 1457 345 §Pullos
1468 274 1607 333 nigro
1628 277 1675 321 &
1686 273 1824 324 -luteo
1844 277 2054 324 albente:
2088 276 2225 338 niger

408 352 552 398 lineas
569 353 614 396 δε
632 341 788 396 lituras
803 338 1070 392 transs'ersas
1092 336 1247 386 efficit.
1314 336 1552 397 Praecipue
1565 350 1720 382 autem
1734 339 1961 386 notabiles
1982 337 2085 386 sunt
2099 340 2225 388 linea

408 409 663 461 transversa
679 409 899 456 undulata
917 403 943 451 ὲ
968 405 1096 452 luteo
1112 403 1325 450 albicans
1347 415 1496 462 prope
1516 399 1754 456 irnas'alas,
1786 404 1832 447 &
1847 398 2051 462 superius
2076 405 2227 467 prope

374 499 380 502 ·
409 477 584 524 medias
606 471 786 520 macula
809 469 1036 515 concolor
1054 466 1080 514 ὲ
1101 466 1285 513 lineolis
1306 468 1364 512 &-
1391 464 1573 526 punffis
1602 462 1859 523 composita
1883 483 1898 522 3
1928 465 2047 510 item
2060 468 2150 514 tria
2179 484 2229 517 e-

408 537 607 602 jusmodi
625 536 798 595 pumera
818 534 868 579 in
891 531 1123 578 exteriore
1137 525 1374 590 utriusque
1397 529 1478 575 alae
1499 526 1711 588 margine
1730 523 1880 588 prope
1902 526 2062 574 imum.
2125 529 2228 580 Ima

409 600 595 660 insuper
616 600 688 644 ala
707 598 832 644 linea
852 597 1086 643 albicante
1107 593 1287 656 qIZallopt
1303 593 1442 655 picta.

472 665 573 711 Alae
590 662 833 708 interiores
853 657 1016 720 supina
1034 657 1152 705 facie
1167 656 1193 705 ὲ
1211 660 1400 706 cinereo
1423 655 1679 716 nigricant,
1708 653 1995 715 marginibus
2011 659 2231 706 extremis

410 728 701 786 albentibus3
735 721 886 785 pronai
899 723 1165 787 pallidiores
1183 719 1305 781 sunt,
1337 724 1384 768 &
1416 721 1650 768 maculam
1671 719 1724 766 in
1733 718 1891 765 medio
1907 719 2092 780 nigram
2108 721 2231 770 obti-

406 806 538 841 nent.
1483 804 1490 810 ·
2049 821 2053 824 .
2104 819 2110 826 .

474 851 794 915 Superioribus
823 851 1004 900 annulis
1023 851 1167 898 medii
1187 850 1305 897 dorsi
1328 842 1632 897 innascuntur
1651 846 1859 909 pilorum
1885 846 2130 912 nigrorum
2152 862 2234 912 pe-

413 919 565 967 nicilli
587 929 788 978 quatuor
809 917 882 962 vel
904 916 1132 976 quinque,
1162 915 1349 975 fingulis
1383 909 1563 959 scilicet
1593 910 1774 958 annulis
1803 909 1979 970 finguli.
2047 913 2234 975 Corpus

405 981 515 1030 satis
530 978 746 1040 craffum,
783 996 881 1028 non
899 994 1056 1026 tamen
1069 975 1268 1026 caudam
1286 977 1426 1026 habet
1443 971 1655 1023 villosam
1683 989 1733 1022 ut
1756 970 1886 1034 hujus
1904 977 2094 1062 ‘genae's
2112 979 2234 1028 mul-

407 1062 477 1094 tae.

477 1112 552 1158 Ex
568 1107 759 1158 Aurelia
773 1105 991 1169 spadicea
1004 1101 1081 1155 seu
1098 1100 1253 1167 potius
1288 1102 1558 1166 leucophaea
1578 1103 1630 1150 in
1651 1115 1773 1150 terra
1795 1117 1878 1164 per
1894 1104 2115 1166 hyemem
2129 1104 2235 1152 Iati-

410 1188 541 1223 tante
563 1174 679 1220 exiit
697 1173 821 1220 Maii
835 1171 1022 1228 ultim0,
1060 1175 1197 1230 1692.

430 1244 437 1248 ⁴
473 1234 626 1298 Hujus
643 1238 794 1283 Eruca
811 1233 838 1282 ὲ
850 1235 983 1282 nobis
999 1232 1273 1281 describitur
1287 1246 1374 1294 pto
1394 1241 1477 1278 rm
1496 1231 1775 1280 Autumnali
1789 1231 1923 1280 Anni
1948 1235 2082 1292 1696.

415 1368 529 1438 Apis
549 1358 881 1433 domesticaftu
907 1358 1131 1429 vulgaris
1151 1358 1442 1424 alvearium,
1481 1356 1601 1409 The
1630 1354 1878 1412 common
1897 1358 2230 1442 I-Lfflxey-Bee.

541 1494 657 1542 Culi
700 1508 858 1540 earum
876 1489 1202 1538 intus‘conditi
1230 1487 1355 1548 sunt,
1379 1485 1646 1536 subcornei.
1709 1489 1824 1535 Alas
1853 1489 2028 1534 habent
2047 1506 2083 1547 4
2102 1489 2237 1536 ficcas

568 1558 834 1619 pellucidas‚
866 1552 1059 1617 scapulis
1085 1568 1306 1612 annexas,
1347 1566 1546 1614 quarum
1565 1549 1803 1614 postremae
1832 1550 2054 1606 minores,
2085 1550 2147 1598 ne
2163 1567 2237 1600 re·-

414 1621 563 1682 migio
578 1617 787 1667 obessent
807 1618 986 1679 (inquit
999 1617 1269 1680 Mouffetus.)
1303 1617 1360 1664 In
1379 1613 1515 1663 dorso
1537 1615 1732 1663 annulos
1750 1631 1789 1676 ς.
1825 1614 2036 1676 Scapulae
2055 1615 2236 1664 rai-ala—

415 1686 593 1744 nugine
619 1700 678 1731 ex
693 1684 886 1731 cinereo
900 1678 1158 1729 rufesoente
1178 1679 1449 1728 vestiuntun
1482 1713 1486 1716 -
1506 1675 1716 1728 Dorsum
1732 1679 1950 1741 nigricat.
2014 1678 2063 1728 A
2079 1677 2237 1728 fronte

415 1747 666 1795 Antennae'
689 1748 787 1793 duae
822 1746 996 1793 flexiles
1028 1758 1218 1804 exeunt,
1251 1760 1353 1792 non
1381 1744 1438 1790 ab
1475 1744 1639 1790 eadem
1659 1743 1832 1802 radice,
1866 1741 2049 1801 molles,
2078 1743 2236 1806 nigtae.

386 1842 390 1846 -
415 1810 508 1858 Sub
540 1826 624 1857 ore
660 1810 824 1870 lingua
846 1809 1010 1855 >brev-is
1043 1803 1288 1855 rubesoens
1319 1810 1610 1865 incurvatur,
1644 1806 1795 1854 multo
1817 1807 2002 1855 brevior
2021 1803 2162 1866 quam
2183 1809 2237 1857 in

414 1870 718 1937 sylvestribus.
782 1872 1002 1932 Forcipes
1019 1871 1134 1930 duae,
1166 1865 1320 1918 verffls
1339 1871 1652 1917 extremitates
1671 1870 1870 1918 latiores.
1933 1870 2254 1929 Imispedun-'

417 1937 541 1990 culis,
570 1937 664 1984 duo
707 1936 831 1994 quasi
855 1934 992 1995 digiti
1013 1945 1277 1994 emergunt,
1310 1934 1475 1993 quibus
1507 1931 1563 1989 (fi
1580 1933 1782 1994 Mouffeto
1804 1930 1939 1991 fides)
1974 1935 2237 1993 procellosis

415 2000 701 2062 temporibus
733 1997 958 2059 lapillum*
981 1997 1041 2044 ad
1062 1993 1675 2057 corpusculum'librandum
1696 1994 1871 2055 ferunt,
1902 1993 1965 2043 nt}
1991 2009 2237 2047 ventorum

416 2059 610 2111 adverso
627 2063 806 2123 impetu
827 2061 996 2108 aedibus
1015 2061 1262 2123 pellantur.
1328 2059 1628 2108 Stomachum
1646 2059 1823 2108 habent
1848 2059 2065 2108 omnium
2090 2077 2239 2112 mem-

419 2129 670 2177 branarum
702 2122 963 2173 tenuiffima
992 2138 1285 2183 contextum,
1315 2139 1413 2185 quo
1449 2123 1695 2171 collectam
1727 2123 2021 2185 melliginem
2041 2140 2141 2174 non
2165 2124 2239 2175 so-

415 2188 515 2239 lum
544 2191 797 2239 continent
830 2183 1128 2247 (verbasunt
1145 2187 1368 2250 Mouffeti)
1400 2184 1479 2235 sed
1512 2188 1655 2235 etiam
1686 2191 1994 2249 concoquunt
2016 2191 2063 2236 δε
2094 2192 2241 2254 depu-

419 2270 534 2309 rant.
1746 2292 1756 2304 .
2012 2302 2017 2307 ,

486 2319 614 2380 Apes
636 2316 880 2382 distinguit
913 2314 1316 2364 Swammerdamius
1356 2316 1409 2366 in
1439 2317 1478 2364 Ι.
1512 2272 1774 2378 RegemQu
1798 2312 1950 2364 veritis
1982 2315 2239 2379 Reginam,

412 2383 645 2442 -fiquidem
685 2379 910 2442 sequioris
945 2378 1077 2429 sexus
1114 2378 1194 2427 est.
1255 2381 1318 2428 II.
1349 2385 1491 2440 Fucos‚
1538 2380 1623 2440 qui
1656 2377 1852 2428 masculi
1883 2379 2075 2441 proprie
2119 2378 2236 2438 sunt.

424 2446 513 2492 111.
547 2446 673 2506 Apes
689 2449 927 2507 operarias,
963 2460 1158 2505 quarum
1172 2440 1330 2492 sexum
1347 2442 1629 2506 distinguere
1643 2459 1743 2491 non
1762 2444 1946 2505 potuit3
1981 2439 2087 2491 esim
2111 2445 2241 2495 ineis

427 2506 786 2568 nec‘masculas‚
818 2523 909 2556 nec
940 2504 1179 2556 foemineas
1209 2519 1361 2571 partes
1397 2504 1679 2565 observaret,
1713 2522 1812 2567 quae
1844 2505 2050 2568 perbelle
2079 2507 2242 2557 distin-

426 2585 633 2634 guuntur
653 2572 705 2617 in
734 2577 851 2618 Facis
870 2569 949 2618 seu
971 2572 1146 2635 Regibus
1164 2575 1210 2620 &
1235 2575 1416 2634 Reginis.
1483 2569 1678 2630 Insignis
1689 2570 2054 2618 Mathematicus
2083 2575 2241 2636 Pappus

430 2634 743 2684 Alexandrinus
767 2635 905 2682 initio
927 2635 1007 2685 lib.
1030 2653 1069 2696 ς.
1104 2637 1396 2683 Εὀἰῖεἱῖἰοηεινη
1432 2634 1640 2682 Mathem.
1691 2635 1749 2682 de
1790 2635 1952 2696 Apum
1993 2632 2106 2681 favis
2142 2639 2258 2686 haeO

425 2701 582 2756 habet,

491 2760 614 2824 Apes
630 2777 686 2811 ex
707 2758 974 2812 suavissimis
991 2764 1174 2814 floribus
1189 2763 1274 2825 qui
1298 2762 1350 2814 in
1371 2774 1494 2812 terra
1510 2757 1759 2814 nascuntur
1771 2761 2045 2825 colligentes
2051 2763 2237 2874 fpptima

2085 2840 2236 2887 ngunt
