2322 3206
1130 71 1167 152 (
1217 95 1301 159 24
1349 68 1385 157 )

406 177 519 228 Hoc
537 192 684 241 genus
697 176 916 227 Reticula
930 172 1304 240 &superioribuQ
1336 188 1492 242 neque
1523 172 1551 223 ὲ
1585 173 1822 225 veteribus
1859 193 2017 245 neque
2038 178 2066 232 ὲ
2081 181 2179 233 Re-

343 243 630 301 centioribus
651 241 869 291 distindta
886 239 1020 291 fuiffe'
1044 237 1299 287 existimo„
1339 243 1341 246 ’
1736 263 1740 268 -
2148 281 2149 284 ,

413 307 605 355 Horum
621 320 741 354 notae
753 302 1130 355 charadieristicae
1149 299 1274 364 sunt,
1315 320 1355 351 1.
1387 302 1581 365 Habere
1595 303 1740 367 *pedes
1761 307 1940 369 priores
1963 310 2181 359 omnium

345 369 653 432 longissimos,
676 371 845 417 deinde
865 369 1076 428 ultim05,
1096 381 1196 415 tum
1211 365 1453 428 secundm,
1468 368 1629 416 tertios
1645 367 1946 420 breviffimos.
1996 391 2041 424 κ.
2073 372 2182 425 Effe

347 433 445 492 fere
460 449 537 483 aut
548 435 752 482 minimae
768 435 891 481 inter
911 433 1145 493 Arane05,
1174 444 1256 480 aut
1271 430 1399 482 certe
1417 432 1612 482 minoris
1629 436 1982 496 magnitudinis.

1008 565 1076 608 De
1095 558 1242 622 iisdem
1262 565 1308 609 in
1325 558 1472 626 specie.
1711 632 1714 636 .

735 688 836 737 Tit.
859 689 950 738 XI.
980 693 1173 738 Araneus
1188 689 1327 755 pullus
1342 688 1506 753 glaber,
1539 651 1806 764 domestic'usr
1847 673 1849 675 ι

493 815 565 864 IC
587 812 653 864 est
670 818 886 866 omnium
908 814 1041 880 hujus
1060 817 1245 867 familiae
1274 820 1522 870 maximus.
1589 819 1744 868 Color
1775 820 1822 868 ei
1854 819 2007 882 pullus
2032 821 2090 868 ad
2115 823 2190 882 ni·

521 879 768 942 gredinem
796 882 1013 945 proxime
1047 885 1293 945 accedens,
1333 885 1515 947 glaber,
1548 882 1741 933 lucidus.
1807 884 2013 933 Humeri
2044 886 2187 935 mini-

360 940 436 990 me
456 943 670 1007 depreffi,
702 943 778 994 sed
800 948 853 994 in
874 945 1111 1009 fastigium
1129 949 1330 997 elevati„
2194 966 2197 969 ’

428 1008 578 1056 Pedes
596 1025 688 1057 nec
707 1012 888 1071 breves,
920 1026 1012 1060 nec
1029 1025 1205 1060 tenues.
1271 1012 1418 1062 Alvus
1435 1011 1576 1073 plena
1587 1006 1848 1069 latiuscula,
1880 1011 2193 1073 compastilis,

361 1072 532 1128 coloris
553 1074 673 1139 pulli
688 1075 970 1135 relucenti53
1003 1077 1060 1124 ad
1077 1076 1223 1123 latera
1245 1072 1358 1123 vero
1393 1076 1538 1135 albet,
1568 1070 1763 1136 ipseque
1795 1088 1961 1130 venter
1990 1072 2218 1124 subalbi-t

364 1137 470 1184 dus:
505 1137 627 1184 Item
649 1153 735 1199 per
756 1140 936 1186 medios
958 1139 1119 1187 clunes
1138 1137 1263 1187 reeta
1275 1140 1521 1187 deducitur
1543 1138 1720 1186 lineola
1737 1139 1906 1186 albida.
2062 1181 2066 1184 .

429 1201 490 1248 In
522 1201 691 1249 aedibus
709 1201 879 1250 nostris
900 1203 958 1250 ad
990 1201 1296 1252 fenestrarum
1322 1204 1555 1252 cancellos
1589 1203 1725 1250 valde
1748 1200 1963 1263 frequens
1986 1201 2050 1251 est
2071 1221 2083 1252 :
2111 1203 2194 1253 ubi

364 1265 507 1312 etiam
523 1280 609 1326 per
629 1265 853 1329 hyemem
868 1268 999 1326 latet,
1034 1269 1158 1328 (iqua
1179 1264 1330 1330 prope
1353 1267 1404 1314 fit
1423 1266 1605 1314 rimula.
1672 1267 1876 1314 Ineunte
1900 1268 2062 1329 Aprili
2084 1269 2197 1319 reti-
2222 1294 2224 1297 r

363 1330 472 1385 cula
484 1329 682 1389 orditur,
714 1330 846 1378 filum
869 1343 1027 1379 autem
1047 1332 1236 1381 reticuli
1254 1330 1390 1380 solito
1407 1326 1576 1378 fuscius
1595 1328 1675 1378 est.
1724 1383 1727 1385 ,

427 1393 583 1440 Filum
613 1395 822 1442 albidum
849 1397 976 1444 circa
993 1411 1102 1454 ova,
1136 1397 1297 1456 colore
1310 1393 1490 1458 ,pallide
1511 1409 1702 1452 carnea,
1733 1391 1933 1443 folliculi
1955 1394 2064 1444 loco
2085 1391 2197 1457 inji-

368 1458 469 1505 cit:
504 1471 601 1519 quo
621 1454 804 1507 sublato
833 1475 925 1523 ova
963 1461 1178 1520 protinus
1194 1456 1362 1509 diffusa
1383 1455 1507 1518 sunt,
1539 1455 1668 1519 quod
1685 1457 1884 1507 minime
1903 1459 2028 1508 inter
2048 1455 2114 1520 se,
2145 1471 2199 1509 ut

368 1523 421 1571 in
438 1521 680 1571 nonnullis
698 1520 1009 1586 superioribus
1030 1523 1132 1573 fieri
1152 1522 1288 1586 solet,
1318 1521 1776 1588 conglutinarentur.

574 1651 674 1701 Tit.
691 1652 807 1701 XII.
839 1655 1031 1699 Amnem·
1053 1651 1258 1714 albicans,
1289 1652 1435 1702 corona*
1454 1653 1637 1700 coccinea*
1658 1655 1704 1698 in
1724 1650 1830 1697 alvo
1851 1651 1987 1699 ovali.

369 1774 668 1902 MEdiae
689 1777 756 1827 est
777 1781 1135 1841 magnitudiniS,
1152 1781 1338 1843 generis
1354 1781 1534 1829 ratione
1554 1780 1598 1828 ei
1613 1780 1748 1828 color
1762 1775 2047 1840 subalbidus,
2063 1780 2203 1843 pedes

573 1841 856 1906 longiusculi
857 1859 1053 1905 ,tenue5.
1097 1847 1247 1895 Alvus
1260 1845 1568 1909 plena,figura
1581 1842 1680 1892 fere
1691 1843 1817 1892 ovali
1828 1867 1845 1905 ,-
1866 1841 1996 1905 cujus
2008 1860 2112 1907 pars
2127 1841 2204 1893 su-

370 1904 533 1965 perior
545 1920 798 1956 exornatur
820 1924 997 1958 corona
1016 1910 1220 1971 quadam
1241 1910 1467 1958 coccinea
1479 1905 1589 1956 sane
1609 1909 1831 1969 eleganti.
1881 1910 2084 1957 Ineunte
2102 1910 2206 1957 Au-

373 1966 511 2030 gusto
523 1970 576 2020 in
592 1968 843 2022 Suffrutice
856 1974 1062 2036 quodam
1072 1970 1204 2036 hujus
1215 1989 1305 2022 ova
1319 1989 1413 2023 una
1428 1988 1537 2022 cum
1549 1982 1701 2020 matre
1716 1973 2041 2021 animadverti.
2067 1973 2206 2023 Sicco

373 2046 533 2081 autem
563 2037 610 2082 &
643 2037 847 2087 deciduo
868 2036 987 2086 folio
1004 2039 1216 2087 nidulata
1239 2037 1318 2087 est.
1382 2039 1595 2086 Plurima
1609 2049 1743 2084 erant
1768 2047 1860 2084 ova
1883 2037 2005 2097 alba,
2038 2039 2206 2099 quibus

373 2098 574 2208 rrssulxtum
615 2099 748 2213 filum
785 2102 948 2170 laxius⁴
969 2099 1439 2165 superinducebatur,
1470 2115 1522 2150 ut
1548 2104 1603 2150 in
1627 2097 1885 2164 superiore,
1919 2102 2078 2151 colore
2099 2102 2205 2165 pul-

373 2176 401 2209 c
435 2177 485 2209 re
502 2178 630 2211 coeru
649 2181 722 2214 eo.
1455 2177 1458 2179 ’
1915 2171 1926 2179 “

375 2286 629 2339 Tit.XIII.
663 2293 955 2359 Araneusftrb
976 2293 1213 2358 fitbsuccus,
1247 2292 1459 2341 interdum
1480 2294 1607 2341 vari&
1644 2293 1860 2356 coloratus,
1895 2293 1997 2340 alvo
2019 2293 2207 2357 fhliaced

954 2363 1120 2424 pictura*
1137 2362 1335 2424 infignitd
1344 2358 1438 2423 fir&
1452 2358 1634 2424 globosd'.

389 2510 392 2511 ⁷
444 2486 566 2536 Nter
594 2482 799 2533 minores
826 2490 1140 2538 numerandus
1156 2486 1235 2536 est.
1299 2488 1360 2535 Ei
1385 2487 1519 2534 color
1539 2484 1634 2544 fere
1656 2482 1912 2544 subfuscus,
1942 2489 2001 2536 ab
2033 2489 2206 2554 hyeme

459 2547 695 2598 ,maxime
743 2550 810 2612 At
830 2566 987 2612 neque
1007 2553 1121 2612 haec,
1144 2566 1301 2612 neque
1316 2550 1425 2608 aliae-
1438 2552 1737 2599 Araneorum
1757 2547 1949 2615 species,
1966 2552 2204 2618 praecipue

375 2610 404 2662 ὲ
420 2616 626 2664 cuticula
645 2628 786 2687 cicuta
802 2630 953 2665 unum
975 2631 1116 2678 atque
1144 2616 1349 2665 eundern
1370 2615 1580 2665 colorem
1594 2629 1827 2678 perpetuo
1849 2614 2115 2680 observant,
2152 2631 2206 2665 ut

373 2692 512 2728 antea
533 2692 814 2728 monuimuS.
832 2704 841 2727 ,·
940 2692 943 2696 ’
1056 2705 1059 2707 >

2048 2808 2205 2874 Alvus
