2322 3206
1169 46 1469 138 (142)

451 174 581 228 Mali
596 171 711 223 folia
725 165 1002 236 depascitur,
1036 166 1083 212 δε
1116 163 1167 210 in
1190 160 1413 209 Pomario
1437 157 1641 220 quodam
1665 158 1897 206 Braintriae
1918 161 1970 210 in
1999 158 2162 222 Effixia
2189 164 2217 216 ὲ

388 244 455 294 D.
474 240 580 289 Dale
602 241 810 294 inventa,
844 228 1069 295 nobiscssze
1095 221 1275 273 ostensa
1304 222 1387 282 est,
1422 225 1547 270 circa
1570 224 1768 271 Annum
1801 229 1939 287 1692.
2005 226 2216 280 Eandem

388 305 550 371 -postea
568 302 748 353 invenit
766 300 830 346 D.
849 296 971 341 Allen
995 293 1119 339 circa
1140 290 1266 338 idem
1285 288 1527 350 oppidum.

368 419 375 447 's
393 454 437 486 2.
472 432 673 482 Phalaena
692 428 879 474 maxima
901 413 1060 486 fulv'A,
1091 416 1257 465 alarum
1279 414 1531 463 exteriorum
1559 410 1762 477 superiore
1792 410 2007 461 medietate
2031 420 2221 480 ὶηΐεηῇὴς

458 498 652 553 colorata,
686 507 778 537 cum
801 485 966 535 macula
986 490 1030 530 in
1053 483 1185 530 medio
1204 482 1318 540 alba,
1337 480 1522 544 inferiore
1536 479 1741 527 dilutiore.
1773 477 1905 527 Phal.
1928 497 1971 540 9.
1991 480 2214 536 Mouffet.

457 560 683 610 Goedart.
703 559 777 603 88.
794 552 920 603 Edit.
937 547 1102 599 Lister.

564 684 727 737 Aculae
748 682 860 731 albae
881 678 1074 728 circello
1094 672 1289 726 obscure
1305 673 1412 725 rufo
1432 675 1700 738 cinguntur.
1745 672 1944 726 Colores
1961 685 2116 725 autem
2131 677 2225 729 alas

394 687 558 814 M
593 765 678 813 per
712 747 922 801 medium
955 741 1117 792 exacste
1146 757 1246 790 non
1281 742 1515 801 dividunt,
1548 735 1711 787 verum
1738 736 1935 786 inferior
1960 743 2007 788 δε
2029 742 2225 793 dilutior

395 832 500 880 pars
532 812 774 877 angustior
808 809 904 872 est3
940 812 987 858 δε
1017 809 1069 856 in
1092 807 1175 854 alis
1199 806 1502 859 interioribus
1517 804 1669 852 adhuc
1690 804 1877 854 brevior
1894 799 1970 852 seu
1983 801 2224 870 angustior

392 878 534 944 quarn
571 880 622 928 in
656 875 981 940 superioribus.
1049 872 1150 921 Alae
1190 870 1436 933 interiores
1479 868 1784 918 exterioribus
1818 867 1960 930 paulo
1987 871 2228 922 dilutiores

390 945 497 995 sunt
527 947 575 992 δε
602 942 796 990 maculis
834 937 950 986 albis
982 948 1160 995 carent,
1191 931 1395 995 cumque
1430 933 1787 984 Animalculum
1803 932 1927 982 sedet
1939 932 2083 998 paulo
2105 938 2228 993 ultra

390 1009 645 1059 exteriores
659 1007 878 1066 utrinque
901 1014 1175 1060 excurrunt,
1208 996 1450 1047 &sursum
1479 1000 1789 1047 reflestuntur.
1851 999 2016 1061 Pronae¹
2037 1004 2084 1048 δε
2105 997 2232 1064 Γωρί-

395 1091 464 1124 nae
484 1074 661 1121 alarum
677 1067 942 1133 superficies
963 1064 1059 1114 fere
1079 1065 1354 1113 concolores
1369 1060 1487 1111 sunt.
2031 1093 2035 1096 .

453 1137 669 1186 Foemina
695 1147 793 1183 erat
817 1145 958 1194 quam
980 1126 1193 1190 descripsi
1216 1146 1227 1176 :
1264 1129 1374 1175 Mas
1406 1127 1636 1188 parvitate
1664 1121 1771 1184 sua,
1811 1123 1993 1186 alarum
2017 1127 2231 1186 -Jatitudi-

395 1219 456 1251 ne
480 1206 524 1251 δε
540 1200 787 1257 brevitate,
818 1199 931 1244 item
950 1195 1110 1242 colore
1133 1193 1382 1240 intensmre
1405 1194 1452 1239 &z
1474 1188 1669 1245 obscure
1702 1189 1832 1237 fulvo
1859 1187 1886 1236 a
1925 1188 2118 1240 foemina
2141 1193 2231 1242 dif-

394 1267 484 1315 fert
505 1283 516 1314 :
550 1261 749 1312 inferior
766 1275 923 1309 aute-m
944 1260 1123 1306 alarum
1135 1257 1362 1305 medietas
1383 1255 1578 1303 dilutior
1595 1253 1660 1302 est
1671 1249 1922 1317 superiore.
1963 1265 1973 1316 ᾗ
2016 1313 2018 1315 ,

456 1330 575 1393 Julii
590 1328 753 1376 mensis
769 1326 910 1374 initio
932 1339 993 1371 ex
1015 1323 1211 1371 Aurelia
1227 1317 1420 1368 obscure
1431 1319 1574 1379 fulva,
1603 1320 1655 1366 in
1676 1317 2076 1383 folliculo‘denso,
2093 1323 2229 1373 char-

393 1409 449 1443 tae
468 1396 767 1457 Pergamenae
789 1387 887 1438 fere
903 1384 1217 1445 consistentia,
1250 1386 1411 1433 colore
1425 1385 1586 1445 nigro,
1619 1383 1835 1432 latitante
1857 1386 1989 1432 exiit.

460 1457 694 1520 Corporis
714 1458 823 1504 Pars
853 1465 1024 1516 prona,
1051 1463 1154 1515 tam
1184 1450 1387 1497 thoracis
1423 1447 1566 1510 quam
1593 1447 1873 1509 abdominis,
1907 1446 1935 1495 ὲ
1955 1447 2231 1501 ἱειὶνσῆεινῖ-

395 1535 502 1584 cat3
534 1518 704 1585 supina
739 1520 824 1567 alis
858 1515 1090 1566 concolor
1115 1513 1199 1574 est,
1231 1517 1279 1561 &
1314 1513 1453 1562 valde
1486 1508 1675 1560 hirsuta.
1741 1514 1801 1561 In
1827 1514 2069 1563 nonnullis
2101 1516 2230 1565 linea

386 1582 650 1636 transversa
672 1586 882 1635 albicans
899 1579 1054 1629 rufam
1075 1575 1152 1629 seu
1165 1577 1339 1626 fulvam
1358 1578 1439 1625 alae
1459 1589 1644 1639 partem
1662 1573 1690 1624 ὲ
1711 1580 1827 1625 flava
1840 1578 2025 1639 dividit,
2057 1580 2109 1627 in
2127 1580 2232 1654 aliis

393 1653 520 1700 linea
542 1651 736 1713 duplex,
768 1649 913 1697 altera
931 1641 1125 1694 obscure
1141 1643 1326 1704 rubens,
1358 1643 1504 1692 altera
1525 1638 1709 1689 sordide
1722 1642 1945 1704 albicans,
1979 1645 2229 1707 contiguae.

400 1781 447 1828 P.
469 1784 541 1828 M.
562 1793 604 1840 5.
671 1793 711 1840 3.
746 1773 947 1822 Phalaena
966 1776 1175 1830 maxima,
1209 1770 1291 1816 alis
1322 1769 1342 1816 ὲ
1365 1768 1499 1832 fulvo
1519 1769 1851 1832 flavicantibus,
1883 1770 1995 1816 linea?
2012 1769 2156 1833 fulva*
2177 1773 2229 1820 ab

745 1843 899 1887 extimo
918 1837 1002 1884 alae
1023 1836 1172 1900 angulo
1189 1835 1247 1880 ad
1263 1838 1493 1895 marginem
1510 1836 1595 1895 ejus
1629 1839 1863 1882 interiorem
1882 1835 2051 1898 „oblique
2084 1836 2230 1898 duffii,

748 1902 1010 1950 interioribus
1041 1902 1154 1948 ultra
1187 1903 1400 1947 exteriores
1430 1898 1679 1948 extantibus.
1740 1900 1875 1954 Phal.
1893 1902 1967 1949 82.
2000 1899 2230 1951 Goedart.

744 1967 872 2018 Edit.
893 1964 1062 2015 Lister.

506 2100 704 2151 Halaena
725 2096 841 2158 haec,
864 2094 1175 2158 Juniimenfis
1203 2091 1361 2151 initio,
1393 2088 1663 2140 &folliculo
1687 2090 2077 2141 luteo-albicante<
2087 2091 2234 2143 denso

401 2099 504 2227 P
540 2164 612 2228 [δε
631 2164 867 2213 interdum
889 2155 1086 2222 rugoso]
1118 2158 1245 2220 quod
1265 2170 1375 2204 ante
1398 2172 1418 2218 3
1447 2170 1526 2204 aut
1543 2175 1576 2221 4
1595 2154 1875 2218 septimanas
1897 2158 1977 2205 fibi
2000 2172 2233 2220 texuerat,

402 2231 521 2279 exiit
546 2250 561 2291 3
590 2229 845 2278 maximam
871 2238 1053 2287 partem
1080 2221 1106 2269 ὲ
1135 2221 1264 2270 fulvo
1294 2221 1526 2269 flavicans.
1588 2221 1739 2269 Linea
1759 2218 1860 2268 rufa
1876 2219 1903 2268 ὲ
1925 2237 2057 2284 parte
2073 2224 2233 2272 media

403 2295 627 2356 marginis
645 2292 881 2341 interioris
895 2289 951 2337 ad
964 2289 1192 2336 extimum
1213 2285 1437 2348 ang—ulum
1460 2286 1596 2333 dueta
1620 2286 1725 2345 ,alas
1763 2288 2016 2335 exteriores
2037 2286 2232 2351 oblique

402 2358 585 2406 dividit.
650 2357 795 2419 Supra
805 2357 980 2404 lineam
998 2353 1122 2401 hanc
1137 2353 1190 2400 in
1211 2351 1365 2399 media
1382 2350 1454 2397 ala
1475 2349 1657 2399 macula
1685 2349 1890 2398 albicans
1913 2349 2089 2399 lineola
2105 2351 2233 2401 fulva
2305 2390 2308 2393 .

405 2421 578 2483 cineta,
609 2425 654 2470 δε
671 2436 771 2470 non
792 2416 939 2484 longe
955 2416 982 2466 a
1001 2415 1196 2480 scapulis
1215 2412 1292 2464 seu
1308 2428 1474 2463 exortu
1496 2415 1578 2462 alae
1598 2415 1723 2463 linea
1742 2410 1995 2463 transversa
2016 2414 2117 2463 rufa
2128 2431 2231 2465 cer—

407 2487 549 2534 nitur.
614 2486 716 2535 Alae
777 2485 915 2532 ariter
948 2483 1192 2531 interiores
1223 2476 1448 2541 ejusmodi
1467 2479 1642 2528 lineam
1662 2475 1961 2527 transversam
1985 2480 2231 2531 obtinent:

406 2552 523 2611 quin
546 2553 591 2599 &
612 2550 739 2597 utriu
760 2564 851 2608 que
863 2549 1009 2595 imum
1030 2548 1295 2608 marginem
1317 2544 1493 2592 lineola
1514 2542 1615 2591 rufa
1636 2543 1883 2605 percurrit.

468 2615 679 2664 Foemina
695 2627 793 2661 erat
811 2627 950 2674 quam
973 2608 1214 2672 descrips13
1251 2624 1345 2657 mas
1360 2609 1411 2656 in
1429 2609 1584 2656 multis
1606 2605 1777 2656 differt.
1845 2609 2082 2658 Antennae
2098 2607 2230 2657 enim

409 2681 589 2739 breves,
618 2680 738 2737 latae,
771 2672 987 2738 plumosae
1026 2689 1182 2734 erant,
1209 2670 1317 2722 cum
1358 2674 1410 2721 in
1446 2671 1639 2720 foemina
1673 2672 1908 2734 longiores
1929 2673 2093 2734 essent,
2124 2671 2233 2735 pilis

410 2746 663 2793 admodum
683 2741 893 2792 brevibus
915 2739 1134 2801 utrinque
1166 2735 1515 2787 adnascentibus
1537 2758 1555 2798 ,-
1587 2736 1802 2786 omnibus
1818 2735 2006 2801 insuper
2026 2735 2232 2810 partibus

2073 2815 2233 2849 mmor
