2322 3206
823 69 1102 160 (329)

39 241 128 306 ἐξ.
160 238 360 290 Phalaeniz
399 242 419 289 ὲ
451 238 598 292 mediis
617 242 864 307 minuscula,
898 248 980 295 alis
1008 251 1270 298 exterioribus
1287 248 1422 314 fuscis
1452 248 1546 300 etim
1577 256 1706 303 tribus
1727 259 1863 319 tranfi-

113 305 558 383 verfispbseuriorihus
588 314 731 371 areis3
766 314 1024 361 interioribus
1045 314 1196 377 fulvis
1229 334 1322 364 cum
1351 334 1446 365 area
1480 317 1716 382 transversa
1742 327 1863 385 nigra

109 385 223 433 prope
245 387 377 419 rmum
401 377 642 436 marginem.

47 489 350 614 Corpore
375 491 440 542 est
470 491 718 554 habitiore,
750 491 946 558 superne
967 499 1249 561 nigricante,
1280 498 1432 550 subtus
1452 500 1696 550 albicante.
1761 504 1860 556 Alae

187 556 438 604 exteriores
458 554 590 606 fuscae
602 574 710 607 cum
727 560 926 608 tinctura
948 563 1092 620 rubri,
1125 565 1267 611 tribus
1288 568 1402 613 areis
1421 562 1673 613 transverfis
1696 565 1860 616 obscu-

43 619 241 666 rioribus
250 620 331 667 vix
351 617 627 682 conspicuis,
645 621 893 671 latiusculis
903 623 1135 673 distinctae.
1181 629 1280 674 Alae
1301 630 1545 677 interiores
1557 627 1686 676 fulvo
1700 629 1858 679 lucido

42 683 202 730 colore
231 683 384 729 tinetae
401 681 506 731 area
528 682 620 732 lata
634 681 887 733 transversa
907 685 1048 749 nigrai
1065 704 1210 750 prope
1229 691 1372 738 imum
1387 694 1647 752 marginem
1663 693 1858 754 insignes

41 746 177 806 sunt3
211 761 306 806 quo
332 747 628 808 Papilionem
665 746 870 796 nostram
892 754 1168 800 nocturnam
1191 766 1403 813 quartam
1419 754 1635 803 referunt,
1700 758 1857 805 Prona

41 825 146 874 pars
167 809 363 869 alarum,
392 821 488 858 tam
512 810 795 859 exteriorum
812 813 903 861 ima
924 812 1066 874 quam
1087 816 1362 865 interiorum
1373 832 1566 865 externa
1589 818 1735 866 diluto
1746 835 1856 881 pur-

41 869 315 936 purascente
334 874 502 922 rubore
523 875 744 937 tingitur:
777 876 956 936 reliqua
975 892 1076 940 pars
1100 893 1246 939 prona
1265 881 1538 930 interiorum
1556 878 1726 942 supinae
1742 898 1857 932 cone·

40 939 189 994 color,
225 938 505 984 exteriorum
533 939 671 998 nigro
693 940 960 987 maculata.⁴
1481 998 1484 1000 ,

100 1000 195 1050 Sub
217 999 357 1048 finem
369 997 567 1060 Augusti
583 1002 743 1049 menfis
763 1003 815 1049 in
827 1004 1019 1065 Quercu
1034 1004 1198 1052 arbore
1216 1006 1406 1054 inventa
1435 1003 1514 1054 est:

39 1151 114 1198 ες.
148 1131 346 1179 Phalaena
380 1134 398 1180 ὲ
426 1133 654 1181 mediarum
669 1151 812 1197 genere
843 1142 994 1196 minor,
1028 1136 1108 1184 alis
1144 1139 1337 1201 oblongis,
1370 1140 1632 1186 exterioribus
1661 1138 1853 1185 ecoeruleo

102 1197 355 1256 virentibus,
389 1197 562 1242 maculis
596 1195 833 1248 &lineolis
861 1205 992 1263 nigris
1036 1206 1190 1251 variis.
1251 1209 1460 1266 Superiore
1485 1221 1588 1249 anno
1611 1204 1713 1248 hanc
1739 1207 1853 1250 metz:

91 1259 236 1323 sumus
253 1257 311 1310 ὠ·
330 1259 616 1325 descripsimus.

142 1378 332 1439 Orpore
363 1375 431 1424 est
450 1377 697 1437 habitiore,
726 1374 920 1440 scapulis
942 1380 1168 1443 angulosis
1189 1382 1365 1429 villofiS.
1433 1383 1628 1430 Alarum
1652 1383 1853 1431 exterio*

168 1456 274 1490 rum
295 1439 560 1502 marginem
576 1443 751 1502 punem
774 1443 910 1504 nigra
934 1443 1095 1491 crebra
1118 1459 1202 1505 per
1234 1456 1384 1491 totam
1400 1445 1745 1507 longi-tudinem
1766 1462 1853 1493 no·-

28 1518 145 1554 tant.
208 1503 359 1554 Paulo
385 1504 520 1566 supra
545 1506 744 1552 mediam
765 1505 845 1552 alae
878 1507 1227 1569 longitudinem
1245 1522 1354 1556 area·
1370 1509 1588 1571 pallidior
1612 1506 1852 1557 latiuscula

28 1570 222 1631 obliqua
243 1571 302 1617 ab
325 1570 555 1617 exteriore
584 1569 664 1616 alae
687 1570 897 1631 margine
928 1567 1073 1631 paulo
1088 1572 1208 1619 ultra
1227 1573 1429 1620 mediam
1450 1573 1742 1620 latitudinem
1770 1587 1851 1620 ex-

25 1635 253 1693 tenditur,
280 1634 407 1681 velut
425 1631 882 1694 parallelogramma,
914 1634 1048 1683 lineis
1069 1635 1172 1682 latis
1193 1635 1530 1698 nigricantibus
1554 1637 1738 1695 cineta3
1769 1636 1852 1682 In-

20 1696 100 1744 fra
126 1711 230 1748 eam
258 1694 449 1744 maculae
469 1696 565 1742 duae
587 1710 646 1741 ex
667 1696 774 1742 albo
804 1698 1037 1758 rubentes,
1067 1702 1158 1745 una
1193 1700 1251 1746 ad
1282 1699 1475 1746 interius
1510 1700 1590 1746 alae
1614 1700 1749 1756 latuS,
1781 1698 1850 1745 al-

26 1773 124 1807 tera
156 1775 303 1821 prope
321 1759 540 1806 exterius.v
603 1759 756 1819 Prope
777 1759 918 1805 imam
941 1761 1063 1806 alam
1092 1762 1214 1807 linea
1238 1761 1343 1808 alba
1366 1759 1568 1809 flexuosa
1589 1777 1697 1808 cum
1715 1761 1851 1821 nigra

26 1819 281 1882 adjacente.
320 1823 422 1869 Ima
439 1822 512 1868 ala
533 1821 659 1867 velut
676 1821 921 1868 denticulis
943 1823 995 1869 in
1012 1821 1240 1869 fimbriam
1261 1825 1606 1872 excurrentibus
1629 1825 1849 1884 cingitur.

23 1886 126 1936 Alae
161 1886 408 1933 interiores
441 1896 636 1943 utraque
667 1880 909 1944 superficie
948 1883 1241 1932 cinerascunt
1263 1908 1279 1945 ,-
1322 1884 1484 1948 supina
1522 1902 1670 1947 prope
1706 1888 1849 1933 imam

23 1961 203 2010 partem
221 1949 392 1994 duabus
413 1943 668 1994 transverfis
700 1947 907 1992 ductibus
928 1949 1265 2006 nigricantibus
1288 1962 1526 2007 notantur,
1560 1945 1710 2009 prona
1731 1965 1851 2010 pun-

25 2014 152 2059 &um
166 2011 338 2058 habent
360 2011 411 2056 in
436 2010 594 2055 medio
617 2008 821 2067 nigrum,
852 2022 901 2054 ut
933 2009 983 2056 in
1007 2011 1159 2057 multis
1191 2011 1318 2057 aliis:
1350 2011 1463 2057 illud
1485 2022 1641 2058 tamen
1675 2011 1725 2058 in
1755 2013 1847 2058 hoc

26 2089 202 2138 genere
224 2088 378 2121 rarum
403 2077 448 2120 &
485 2070 581 2118 fere
619 2071 846 2131 fingulare
868 2069 950 2131 est,
984 2069 1110 2133 quod
1148 2073 1226 2119 alae
1249 2073 1391 2120 etiam
1424 2075 1673 2122 exteriores
1698 2089 1848 2134 prona

22 2153 156 2200 parte
190 2152 338 2202 prope
381 2136 607 2185 extimum
643 2135 912 2195 marginem:
936 2132 1078 2196 paulo
1110 2135 1229 2183 infra
1270 2138 1472 2185 mediam
1500 2137 1846 2199 longitudinem

22 2202 215 2251 circello
231 2203 370 2262 nigro
389 2215 498 2249 cum
520 2199 696 2260 puncto
718 2199 770 2246 in
787 2199 943 2247 medio
959 2200 1066 2247 albo
1085 2213 1320 2247 notantur.

70 2267 234 2315 Circa
261 2265 405 2312 finem
425 2263 624 2324 Augusti
646 2263 808 2310 menfis
836 2263 951 2310 exiit
981 2278 1038 2310 ex
1062 2265 1210 2312 Eruca
1230 2263 1592 2311 coeruleo-viridi
1607 2300 1623 2324 ,
1657 2280 1681 2324 5
1710 2263 1843 2311 lineis

20 2330 155 2378 luteis
179 2327 257 2377 seu
286 2328 467 2390 pallidis
490 2322 741 2376 secundum
764 2327 1106 2387 longitudinem
1127 2326 1299 2386 striata,
1333 2338 1532 2388 corpore
1555 2322 1755 2375 anterius
1776 2340 1843 2374 te·-

22 2394 187 2441 nuiore
218 2394 372 2454 capite
394 2390 602 2452 angusto.
665 2385 824 2437 Eruczi
846 2391 895 2436 in
915 2391 1157 2437 Aureliam
1176 2391 1291 2437 abiit
1308 2391 1511 2451 nigram,
1545 2392 1649 2451 pilis
1672 2389 1844 2437 brevis-

21 2457 138 2506 fimis
157 2453 397 2515 hirsutam,
429 2469 478 2504 ut
493 2454 639 2518 pulvis
658 2453 722 2502 eis
743 2451 881 2503 facile
895 2450 1239 2514 adhaeresceret,
1273 2457 1317 2502 Sc
1335 2455 1576 2504 Aureliam
1589 2453 1794 2502 foedaret.

880 2704 934 2755 U
950 2721 978 2753 u
1616 2706 1691 2755 26.
1726 2702 1838 2752 Ha·-
