2322 3206
783 57 796 82 '
841 61 881 144 <
921 59 1050 145 109
1091 54 1129 147 )

696 230 1000 307 Staphylinus
1028 228 1296 287 Mouffeti.

603 381 645 413 1.
681 363 946 429 Staphylinus
965 365 1100 428 major
1119 327 1225 412 torus
1242 363 1374 427 niger.'

90 486 390 608 COrpore
404 483 470 534 est
483 482 680 549 angusto
695 487 741 533 δε
758 484 998 549 praelongo
1020 503 1033 534 z
1066 482 1294 547 Mouffetus
1307 485 1421 535 duos
1441 485 1613 550 digitos
1633 485 1908 544 transuersos

228 551 536 615 longitudinis
563 550 608 597 ei
637 546 883 603 adscribit:
917 551 1075 599 colore
1104 551 1259 612 nigro.
1321 551 1481 614 Caput
1503 549 1604 614 ipso
1624 553 1817 605 thorace
1837 557 1908 606 la-

85 615 172 664 tius
195 613 260 662 est
294 619 340 664 δε
370 611 538 675 majus:
573 613 720 661 Oculi
737 613 956 662 albicant.
1021 612 1217 661 Alarum
1238 612 1389 675 elytra
1419 613 1704 677 breviffima‚
1738 632 1791 668 ut
1814 622 1905 669 mi-

7 730 9 733 ,
83 694 192 727 rum
215 679 265 726 fit
282 681 373 728 alas
394 692 491 726 tam
512 678 697 740 longas,
730 691 829 738 quae
861 678 920 725 ad
942 676 1193 724 volandum
1223 689 1359 725 tantae
1379 680 1710 741 magnitudinis
1729 681 1904 733 infesto

80 742 327 802 sufficiant,
359 744 412 790 in
429 757 502 790 eas
515 739 746 802 angustias
760 741 975 788 contrahi
991 743 1036 788 δε
1053 740 1326 803 complicari
1343 740 1488 804 posse,
1520 756 1571 791 ut
1591 746 1783 795 tantillis
1799 748 1902 796 the-

75 809 148 857 cis
164 820 477 870 contegantur
499 808 545 853 δε
567 799 752 866 penitus
773 805 1083 853 occultentur.
1145 804 1425 855 Abdominis
1444 822 1546 868 pars
1556 809 1758 858 maxima
1773 813 1902 861 nuda

82 870 148 919 est
165 869 192 919 a
207 869 515 934 posteriorum
542 869 712 930 pedum
734 865 990 917 insertione
1010 868 1067 916 ad
1087 869 1283 917 caudam
1303 882 1576 921 extremam.
1640 873 1807 923 Cauda
1829 876 1904 923 bi-

75 934 226 995 furca,
258 949 399 995 quam
426 934 536 980 dum
567 930 748 994 aufugit
779 930 927 994 (fugit
945 947 1113 988 ,autem
1147 945 1286 993 atque
1314 935 1458 982 currit
1486 934 1622 985 valde
1648 937 1900 997 velociter)

76 999 205 1062 quast
223 999 276 1048 in
296 995 364 1045 sui
386 994 700 1045 defensionem
721 997 897 1055 elevat,
929 997 1116 1044 aeduos
1136 997 1262 1044 velut
1291 999 1477 1047 aculeos
1495 997 1721 1049 candidos
1739 1001 1903 1051 breves

78 1064 246 1122 exerit,
279 1062 442 1109 molles
463 1074 619 1107 tamen
641 1063 686 1107 &
703 1060 945 1108 innocuos,
1011 1061 1234 1109 Extrema
1252 1061 1403 1123 elytra
1418 1063 1510 1111 lata
1525 1061 1651 1125 sunt,
1684 1079 1740 1113 ac
1761 1066 1791 1113 sn
1819 1067 1904 1116 ab·-

73 1124 208 1177 scissa
239 1123 400 1174 effent.
464 1125 697 1172 Ante-nnae
717 1124 980 1172 articulatae.
1045 1122 1222 1172 Crustae
1254 1122 1451 1174 dorsum
1470 1128 1742 1189 obtegentes
1769 1130 1900 1178 cine-

12 1221 16 1226 -
77 1188 287 1239 rascente
305 1188 508 1249 quodam
542 1187 736 1246 pulvere
761 1182 969 1248 respersae
987 1181 1109 1240 sunt,
1140 1199 1351 1235 ventrem
1378 1190 1640 1239 munientes
1654 1191 1826 1254 glabrae
1850 1197 1900 1242 δε

74 1251 363 1316 splendentes
384 1251 505 1297 ultra
529 1246 725 1297 dorsales
749 1260 1019 1309 excurrunt,
1049 1251 1096 1296 ὅτ
1115 1250 1440 1301 indenticulos
1456 1268 1630 1305 ,acutos
1647 1252 1898 1305 retrorsum

70 1315 329 1380 spectantes
346 1312 665 1383 terminantur.

789 1440 868 1492 De
903 1441 1183 1515 Papilionef-

73 1574 345 1698 PApilio
378 1570 556 1634 (inquit
577 1570 723 1633 Voffius
749 1570 804 1619 in
829 1571 1194 1636 Etymologico)
1227 1573 1351 1622 die‘ta
1379 1573 1465 1636 est,
1497 1577 1607 1637 quia
1633 1588 1770 1641 papet,
1801 1576 1896 1627 hoc

208 1638 291 1699 <3st³
327 1637 420 1698 eda-t
442 1638 498 1686 ὠ·
515 1634 684 1698 exsugat
703 1634 842 1683 olera.
899 1636 987 1685 Vel
1003 1633 1158 1699 potius
1174 1639 1361 1700 Papilio
1379 1640 1430 1687 fit
1451 1654 1510 1689 ex
1525 1641 1696 1691 Graeco
1715 1644 1894 1691 rivin&-

71 1704 329 1764 repetendo
351 1710 400 1764 p.v
430 1727 445 1738 .
473 1699 704 1747 Meminit
719 1699 976 1761 Aristoteles,
1006 1702 1087 1749 lib.
1107 1704 1149 1748 8.
1172 1716 1275 1765 cap.
1293 1720 1369 1763 27.
1402 1701 1483 1752 ubi
1505 1703 1589 1764 est,
1623 1708 1801 1755 fiwfoao
1821 1709 1895 1750 wei

21 1811 25 1815 ,
70 1787 101 1812 er
126 1771 266 1824 λύχνον
298 1768 541 1818 πετὸμλυθ,
573 1778 662 1826 pro
688 1778 784 1824 quo
802 1763 984 1826 Plinius,
1027 1764 1108 1813 lib.
1133 1783 1206 1814 11·
1240 1781 1342 1830 cap.
1364 1785 1437 1829 19.
1470 1767 1631 1830 Papilio
1659 1769 1888 1820 luminibus

68 1832 236 1892 accewjis
257 1829 515 1878 advolitans.
1567 1866 1576 1879 x

135 1896 297 1956 Quaeri
327 1890 514 1941 fortasse
544 1888 572 1938 a
592 1892 832 1939 nonnullis
853 1890 1021 1953 potest,
1053 1894 1175 1955 Quis
1198 1893 1501 1955 Papilionum
1523 1894 1624 1945 usus
1646 1895 1731 1946 fit?
1795 1896 1895 1943 Re-

63 1955 290 2020 spondeo,
321 1957 378 2002 ad
413 1967 629 2002 ornatum
642 1955 881 2014 Univerfi,
914 1959 960 2002 δε
984 1969 1034 2002 ut
1065 1956 1330 2020 hominibus
1358 1953 1622 2018 spestaculo
1650 1962 1736 2008 fint
1762 1977 1774 2007 2
1807 1958 1889 2006 Ad

66 2037 173 2070 rura
205 2016 474 2069 illustranda
510 2018 636 2065 velut
665 2031 736 2065 tot
765 2019 957 2067 brasteae
985 2015 1297 2068 inservientes.
1363 2023 1486 2082 Quis
1516 2024 1643 2078 enim
1665 2023 1889 2073 eximiam

64 2101 225 2132 earum
243 2082 636 2147 pulchritudinem
659 2085 705 2129 &
726 2082 998 2130 varietatem
1022 2085 1343 2145 contemplans
1371 2086 1492 2133 mira
1523 2089 1764 2150 voluptate
1786 2100 1888 2134 non

63 2150 293 2197 afficiatur
311 2145 336 2192 ἶ
396 2145 519 2207 Quis
550 2157 620 2192 tot
643 2145 858 2192 colorum
878 2149 924 2194 Sc
946 2142 1233 2195 schematum
1267 2149 1524 2211 elegantias
1558 2165 1733 2199 naturae
1754 2151 1889 2213 ipfius

61 2214 260 2274 ingenio
276 2211 564 2273 excogitatas
580 2212 625 2256 δε
648 2209 815 2257 artifici
868 2210 1059 2274 enicillo
1079 2210 1282 2272 depictas
1302 2213 1486 2261 curiofis
1515 2216 1663 2264 oculis
1682 2215 1887 2273 intuens,

3 2315 10 2316 ff
64 2278 231 2324 divinae
252 2276 361 2324 artis
379 2271 571 2334 vestigia
588 2273 821 2334 eisimpre
862 2289 888 2321 a
909 2288 1008 2321 non
1033 2272 1256 2335 agnoscat
1273 2279 1320 2323 δε
1338 2277 1567 2326 miretur?

131 2358 175 2388 2.
211 2338 462 2400 Bombycis
475 2338 623 2395 dietae,
655 2337 884 2396 quaenihil
899 2336 1024 2384 aliud
1038 2335 1104 2384 est
1120 2336 1262 2398 quarn
1271 2341 1460 2402 Papilio
1475 2339 1556 2390 sub
1576 2343 1739 2392 Erucae
1760 2343 1889 2391 larva

61 2405 267 2463 latitanS,
299 2402 509 2451 lanificio
530 2401 748 2448 debemus
767 2397 1102 2463 pretiofiffimas
1117 2402 1214 2450 illas
1227 2402 1371 2452 vestes
1385 2402 1566 2466 sericas,
1599 2409 1798 2456 mollitie
1835 2409 1884 2454 δε

58 2466 306 2530 splendore
333 2464 419 2518 suo
451 2465 561 2512 alias
589 2479 752 2513 omnes
774 2480 833 2513 ex
854 2465 1015 2513 ovium
1044 2465 1288 2515 velleribus
1317 2465 1577 2519 aliorumve
1606 2472 1880 2520 animalium

61 2532 168 2593 pilis
187 2529 325 2579 saetas
360 2526 634 2596 longissime:
653 2525 947 2591 superantes3
991 2529 1155 2590 quibus
1190 2544 1435 2594 tantopere
1469 2532 1674 2599 superbit
1705 2548 1878 2585 morta-

62 2596 176 2644 lium
198 2608 342 2656 genus
356 2630 375 2656 ,
406 2589 613 2655 quasque
635 2607 734 2643 non
752 2609 867 2644 auro
881 2605 1047 2645 contra
1060 2609 1187 2646 caras
1205 2593 1449 2649 existimat.

1702 2792 1883 2856 Papillae
