2322 3206
510 229 554 234 ὲ,
847 129 877 218 (
926 149 1052 223 247
1103 129 1128 220 )

121 251 214 300 que
236 246 516 296 maturuere,
547 243 600 284 ut
614 230 681 284 ita
701 233 876 297 dicam,
908 240 957 286 δε
977 237 1183 292 debitam
1205 236 1542 300 perfestionem
1560 245 1606 292 δε
1624 243 1954 306 partium-soli-

119 304 314 352 ditarem
340 296 560 348 affeeutae·
575 297 680 350 sunt
693 337 721 362 „
742 297 954 364 disrupto
976 317 1057 351 aut
1083 299 1223 353 exeso
1250 301 1463 364 folliculo
1486 306 1645 368 Apum
1669 307 1820 358 forma
1840 328 1951 373 pro-

117 368 275 416 deunt.
340 364 399 413 In
415 362 647 414 folliculos
661 367 788 416 unde
804 366 1019 434 Apiculae
1035 364 1280 416 evolarunt
1296 369 1391 432 mel
1407 382 1687 433 congerunt.

179 424 442 480 Observavi
462 441 619 479 autem
633 431 685 479 in
702 432 870 480 eodem
891 432 1008 480 nido
1026 429 1168 481 dudm
1189 433 1415 494 generum
1432 433 1684 495 follicuIOS,
1715 438 1827 486 alios
1848 454 1948 488 ma-

109 493 252 559 jores,
286 494 400 542 alios
418 491 811 546 multominores.
874 495 1083 547 Fortaffe
1106 495 1238 547 sexus
1252 498 1580 561 magnitudine
1600 498 1838 551 differunt.

159 576 223 623 ⁴4.
256 559 529 624 Bombylius
546 560 725 621 medius
743 575 864 611 totus
880 560 1042 626 niger,
1072 562 1298 625 lanugine
1316 564 1541 613 duntaxat
1557 565 1703 628 longa
1719 568 1837 615 flava
1863 583 1946 616 an-

242 623 407 673 teriori
426 621 505 673 seu
534 623 749 675 inferiori
779 624 1042 690 superficiei
1073 628 1218 690 primi
1239 643 1428 677 crurum
1457 628 1769 693 posteriorum
1796 631 1945 682 inter-

237 689 377 738 nodii
398 686 693 739 adnascente.

107 751 117 814 ς’
173 752 337 817 Aprili
357 751 515 802 mense
537 752 754 816 frequens
772 755 995 804 occurrit.

123 827 128 830 ⁴
171 833 220 881 5.
253 819 529 881 Bombylius
548 817 698 880 major
714 818 868 881 niger,
900 817 1081 880 duplici
1095 814 1352 868 transverso
1369 819 1506 870 ductu
1519 822 1665 885 luteo,
1695 824 1790 874 alio
1805 821 1941 889 supra

229 879 442 947 scapulas
462 883 643 944 torquis
661 882 790 945 loce,
820 884 916 933 alio
937 897 1023 946 per
1038 884 1247 933 medium
1265 884 1499 936 abdomen
1522 908 1538 949 5
1569 890 1668 938 imo
1690 890 1941 942 abdomine

230 944 313 998 seu
332 963 427 997 ano
445 947 573 997 albo,
1034 974 1036 976 v
1174 958 1177 960 ’
1207 971 1209 973 ·

100 1078 103 1080 ,
163 1008 345 1064 'IEstate
363 1009 472 1062 satis
486 1011 703 1074 frequens
717 1008 807 1070 est,
825 1007 924 1060 imo
940 1014 987 1061 δε
1003 1025 1134 1063 vere..
1148 1013 1309 1077 Caput
1322 1027 1475 1065 totum
1492 1019 1539 1065 δε
1551 1031 1701 1079 prona
1717 1033 1818 1082 pars
1836 1035 1940 1069 cor-

97 1079 231 1143 poris
245 1079 399 1142 nigra.
465 1078 722 1136 Antennae,
752 1090 805 1125 ut
824 1077 877 1125 in
899 1077 1107 1139 reliquis,
1130 1080 1264 1128 inter
1282 1082 1443 1130 oculos
1467 1094 1596 1142 ortae,
1630 1082 1938 1147 aliquousque

101 1141 230 1194 resta
250 1140 497 1206 progreffae
514 1155 702 1190 acutum
729 1140 957 1205 angulum
979 1143 1231 1192 efficientes
1250 1143 1404 1194 versus
1425 1162 1477 1194 os
1498 1148 1805 1195 reflectuntur.

169 1213 214 1258 6.
248 1207 524 1270 Bombylius
544 1206 774 1254 maximus
788 1207 944 1268 niger,
978 1205 1126 1256 cauda
1138 1204 1282 1269 fulva,
1312 1207 1471 1259 areola
1487 1211 1630 1260 etiam
1645 1208 1774 1261 fulva
1789 1211 1939 1264 trans-

202 1268 363 1320 svessa
382 1271 618 1319 abdomen
637 1267 858 1333 supinum
872 1271 1124 1320 dividenue.
1151 1288 1176 1318 .ss
1251 1293 1287 1320 ς..
1364 1293 1387 1321 :1
1781 1321 1784 1324 ,

164 1335 312 1398 Supra
333 1332 540 1397 scapulas
567 1334 697 1383 linea
717 1330 972 1382 transversa
993 1334 1192 1384 habetur
1215 1330 1409 1385 obscure
1440 1337 1694 1387 admodum
1709 1336 1853 1402 fulva,
1885 1356 1938 1392 ut

89 1398 218 1463 aegre
240 1396 378 1461 poffit
400 1396 615 1446 discerni.
659 1438 661 1441 ,

159 1464 304 1514 Maio
321 1458 481 1511 mense
498 1473 643 1524 capta¹
659 1456 740 1509 est.

159 1544 206 1590 7.
238 1527 515 1590 Bombylius
542 1526 721 1574 medius
749 1526 917 1588 niger,
952 1523 1101 1576 cauda
1122 1524 1262 1577 rubra
1275 1565 1293 1589 ,
1324 1525 1460 1592 supra
1482 1525 1687 1595 scapulas
1708 1542 1877 1595 torque
1907 1530 1935 1582 ὲ

174 1636 177 1639 .
224 1592 368 1640 viridi-
385 1593 512 1639 lutea
535 1599 683 1653 caput.
699 1587 796 1640 fere
812 1591 1054 1653 cingente,
1089 1608 1197 1641 cum
1219 1594 1390 1656 infigni
1402 1595 1532 1643 velut
1557 1597 1786 1658 penicillo
1808 1598 1934 1661 pilo-

222 1670 330 1706 rum
345 1652 943 1724 luteorum'splendentium
966 1657 1017 1704 in
1040 1658 1194 1705 media
1209 1656 1329 1706 facie
1351 1660 1476 1708 inter
1498 1660 1673 1708 oculos.

153 1721 288 1770 Nota
319 1720 418 1768 haec
452 1716 572 1768 adeo
603 1719 794 1782 in'fignis
824 1716 891 1767 est
925 1719 1321 1781 charaeteristica,
1370 1735 1422 1771 ut
1451 1737 1553 1771 non
1580 1720 1674 1772 alia*⁴
1706 1724 1930 1786 indigeat.

89 1786 240 1850 Frons
271 1786 397 1833 inter
418 1784 583 1834 oculos
600 1785 740 1845 niger
771 1780 839 1833 est
867 1802 883 1844 ,-
909 1780 1047 1847 supra
1074 1801 1126 1833 os
1146 1783 1445 1836 succrescunt
1467 1789 1556 1850 pili
1569 1788 1620 1836 hi
1636 1785 1929 1838 holosericei.

51 1876 55 1880 ¹
88 1851 249 1902 Color
265 1850 445 1911 torquis
461 1849 764 1898 diuturnitate
785 1850 1009 1910 temporis
1026 1847 1053 1898 ὲ
1073 1850 1213 1898 viridi
1235 1851 1287 1898 in
1316 1853 1479 1901 album>
1496 1853 1766 1913 degenerat.

152 1919 200 1965 8.
230 1913 699 1978 Bombylius'minor
728 1912 902 1974 niger,
927 1911 1185 1963 transversa
1219 1916 1377 1965 areola
1412 1914 1439 1965 ὲ
1463 1917 1606 1965 viridi
1637 1917 1763 1967 lutea
1780 1913 1929 1980 vsupra

212 1976 439 2041 scapulas,
471 1991 680 2026 extrema
698 1979 842 2023 cauda
861 1974 1135 2026 rufescente.

85 2082 89 2086 .
139 2043 297 2093 -Maio
315 2039 473 2090 mense
493 2037 881 2102 frequentiffimus
902 2037 983 2087 est.
1007 2081 1014 2086 .
1053 2078 1064 2085 ..
1657 2087 1660 2090 ‚

145 2127 194 2169 9.
227 2106 503 2168 Bombylius
523 2107 682 2153 minor
692 2104 805 2152 lanu
842 2104 920 2151 ine
935 2102 1169 2152 albicante
1183 2099 1387 2165 vestitus,
1418 2104 1565 2153 cauda
1586 2104 1860 2157 rufescente.

147 2175 350 2233 Lanugo
366 2168 553 2219 sordido
572 2170 778 2218 albicans
819 2182 936 2230 upra
953 2165 1159 2230 scapulas
1176 2168 1305 2216 velut
1325 2169 1503 2230 torquis
1522 2171 1697 2220 collum
1721 2174 1924 2221 circum-

81 2238 248 2297 ambit,
280 2237 444 2284 eadem
467 2235 608 2284 etiam
629 2232 752 2283 infra
771 2230 978 2295 scapulas
1000 2229 1197 2295 copiose
1217 2234 1368 2281 oritur
1388 2235 1443 2283 in
1463 2235 1620 2283 areola
1654 2237 1749 2285 lata
1777 2234 1924 2284 trans-

79 2299 216 2415 ger-sa⁸
233 2322 254 2377 ς.
280 2297 379 2412 iimo
401 2299 691 2363 marginibus
711 2299 931 2372 omnium
953 2298 1217 2354 abdominis
1236 2294 1533 2360 squamarum
1562 2298 1918 2377 innascitur,h&

39 2412 44 2418 .
101 2382 338 2416 acie111.
597 2400 607 2406 -«
657 2377 922 2404 ‘''···‘=
1146 2381 1181 2388 ⁴·

83 2496 99 2509 ·
144 2380 373 2480 ΝίᾶίῙέιεειε
409 2431 462 2479 in
498 2428 713 2494 gramine
746 2426 893 2477 tertiae
917 2422 1095 2499 speciei
1128 2426 1179 2475 in
1211 2426 1418 2476 modum.
1482 2426 1732 2478 Autumno
1752 2428 1916 2478 nidum

104 2509 260 2544 nvem.
367 2531 369 2533 >
942 2511 947 2514 ·
1008 2504 1009 2507 ’

81 2515 101 2546 ³
148 2577 222 2610 10.
254 2559 529 2624 Bombylius
545 2557 723 2606 medius
744 2557 897 2618 niger,
931 2569 1024 2603 ano
1040 2553 1170 2602 fulvo
1187 2549 1266 2603 seu
1286 2551 1411 2614 ruf0,
1444 2554 1749 2619 cumduplici
1768 2550 1914 2604 trans-

132 2658 135 2662 ν
204 2622 332 2671 versa
366 2639 474 2672 area
502 2626 659 2684 lutea,
690 2623 835 2672 altera
868 2617 1003 2684 supra
1034 2615 1265 2683 scapulas,
1298 2619 1459 2669 altera¹
1479 2635 1564 2683 per
1600 2621 1808 2670 medium
1831 2619 1913 2668 ab-

209 2690 400 2736 domen.
1158 2690 1160 2693 ’

146 2752 334 2801 Areolae
357 2752 489 2798 luteae
507 2750 741 2798 breviores
766 2745 900 2810 sunt,
934 2763 1034 2809 quae
1064 2745 1273 2810 scapulas
1294 2744 1478 2809 superat
1498 2748 1685 2797 collaris
1706 2748 1816 2796 loco
1838 2747 1910 2795 in-

80 2817 288 2869 tenfioris
308 2814 374 2869 est
394 2816 565 2866 coloris
576 2850 594 2876 ,
626 2829 727 2876 quae
743 2810 959 2879 supinum
974 2814 1209 2864 abdomen
1232 2814 1438 2864 medium
1456 2814 1623 2863 dividit
1639 2811 1666 2863 ὲ
1686 2812 1911 2921 viridislu-

1778 2890 1821 2923 te
1845 2887 1909 2923 cnr.
