2322 3206
905 90 1184 184 (375)

114 260 253 319 Erucd
275 259 484 314 Geometrd
503 258 662 328 parve),
697 258 821 310 colore
841 262 861 310 ὲ
882 263 972 328 rufi)
990 263 1145 325 obscuro
1174 268 1421 330 nigricante,
1456 289 1553 317 cum
1579 284 1718 319 catena
1747 277 1934 323 macula-

176 348 269 377 rum
293 333 337 375 in
362 327 494 377 medio
515 326 625 389 dorsb
656 326 811 389 obscur&
832 327 1183 390 cinerafientium,
1221 326 1277 379 &⁴
1298 329 1427 395 fitpra
1455 335 1570 398 pedes
1609 341 1799 400 utrinque
1825 341 1934 387 albi-

177 406 374 441 cantzum.
788 413 794 417 ’

182 523 230 570 Ν
261 519 384 570 foliis
421 519 548 569 Mali
586 518 783 566 sideratis
821 521 868 566 δε
903 520 1119 569 marcidis
1158 537 1217 570 22
1240 521 1364 572 Maii
1385 524 1480 574 An.
1495 541 1617 586 --94.
1640 525 1830 574 inventa
1851 526 1930 576 est.

214 587 308 634 An.
328 586 383 632 iis
407 581 616 634 vescatur
633 583 801 631 videbo
815 581 959 631 brevi.

112 717 252 759 Erum
274 717 485 760 Geometra
508 708 813 769 bacillifbrmis,
847 706 1160 817 puglvereilbfer&
1192 710 1348 772 coloris,
1394 726 1557 775 ventre,
1597 712 1824 777 praesertim
1848 714 1928 774 fizb

819 788 894 819 cau
925 788 970 831 a,
1001 789 1026 817 a
1072 777 1215 820 icante.

215 895 376 948 Unc'ta
405 895 670 946 flavicantia
691 894 872 946 curiose
894 898 1097 946 intuenti
1135 897 1216 947 hic
1236 900 1338 949 illic
1357 898 1508 963 sparsa
1531 917 1769 964 apparent.
1833 906 1926 954 Ve-

163 998 166 1005 .
246 979 348 1011 rum
373 959 709 1012 nota'maxime
737 959 1104 1009 charadieristica
1125 960 1218 1023 quei
1248 962 1536 1028 dignoscitur
1555 968 1647 1014 hoc
1662 981 1807 1029 genus
1822 965 1926 1016 sunt

110 1026 208 1070 duae
242 1027 399 1077 breves
426 1023 615 1086 spinulae
637 1024 689 1071 in
717 1019 893 1072 summa
916 1037 1047 1085 parte
1076 1027 1229 1074 caudae
1249 1031 1375 1076 velut
1406 1044 1583 1077 cornua
1607 1044 1830 1091 extantes,
1863 1050 1928 1079 re-

101 1084 306 1152 sembling
334 1089 400 1134 the
428 1088 551 1134 Tines
572 1088 624 1150 of
640 1105 665 1132 a
687 1087 980 1152 Graiu-skajffe,
1012 1086 1133 1136 rufae.
1201 1087 1417 1153 Quercus
1438 1091 1551 1142 folia
1574 1091 1849 1155 depascitur,
1880 1099 1925 1144 δε

110 1150 237 1199 Maii
259 1153 420 1200 mensis
443 1151 600 1199 medio
623 1151 717 1199 An.
734 1155 874 1213 1694.
905 1153 1097 1200 inventa
1119 1151 1197 1201 est.

176 1211 305 1264 Cum
327 1215 532 1275 adolevit
553 1218 598 1262 8z
621 1215 845 1275 grandior
862 1217 998 1277 evafit
1028 1216 1161 1263 lineae
1182 1217 1233 1264 in
1253 1230 1537 1279 unoquoque
1560 1220 1738 1270 annulo
1759 1216 1922 1268 obscu-

107 1277 250 1328 riores
270 1281 324 1328 in
344 1279 502 1327 medio
520 1276 658 1326 dorso
677 1276 867 1339 oblique
885 1274 932 1326 se
967 1276 1252 1327 decuffantes
1285 1280 1500 1329 curiosius
1540 1283 1744 1331 intuenti
1781 1299 1926 1345 appa—

108 1354 226 1389 rent.
289 1343 516 1390 Punecula
537 1342 680 1390 etiam
696 1343 958 1389 flavicantia
977 1340 1331 1403 infflioquoque
1352 1345 1528 1393 annulo
1555 1346 1678 1393 bina.

169 1405 228 1452 In
246 1406 482 1454 nonnullis
499 1418 610 1464 quas
633 1400 764 1466 hujus
783 1405 966 1466 generis
987 1402 1077 1452 effe
1093 1403 1297 1466 suspicor
1315 1409 1442 1455 Maii
1472 1411 1631 1455 menfis
1653 1408 1808 1459 medio
1831 1408 1925 1455 An.

112 1471 249 1529 1696.
282 1469 484 1517 inventis
506 1470 554 1514 δε
582 1467 884 1515 adultioribus
896 1465 1198 1528 spatiolorum
1218 1471 1546 1529 quadratorum
1569 1484 1741 1518 catenae
1759 1470 1810 1516 in
1831 1486 1927 1519 me-

104 1530 185 1579 dio
201 1530 337 1580 dorso
350 1535 507 1594 cumj‘“''
535 1532 650 1578 nesto
664 1532 715 1577 in
732 1527 1086 1592 uniuscujusque
1103 1532 1317 1592 quadrati
1339 1547 1518 1582 centro.
1584 1531 1711 1581 Cum
1727 1530 1921 1582 bestiola

107 1595 255 1653 plene⁴
280 1595 464 1643 adolevi
485 1590 678 1641 '‘²''areolae
712 1592 837 1641 isthae
870 1595 1100 1654 quadratae
1140 1592 1215 1641 seu
1258 1597 1555 1645 rhomboides
1585 1597 1923 1659 propemodum

106 1657 397 1719 evanescunt.
446 1658 604 1705 fffz'exit
625 1657 704 1704 fibi
722 1654 981 1705 folliculum
999 1658 1164 1718 inrquo
1186 1658 1369 1708 latitans
1385 1662 1436 1708 in
1449 1661 1691 1721 Aureliam
1705 1671 1920 1709 mutatur.

202 1799 340 1841 Eruca
354 1798 566 1841 Geometra
585 1789 890 1866 bacillifhrmisi,
911 1789 1228 1861 sbrdiddlutea,
1259 1799 1436 1842 Paeom‘ae
1458 1794 1579 1855 flores
1600 1793 1819 1855 depascens.

102 1910 719 2031 UNciamlongitudine
735 1906 928 1968 superat.
994 1911 1120 1962 Cum
1130 1915 1334 1962 adultior
1351 1912 1433 1972 est,
1465 1914 1654 1961 maculae
1670 1915 1918 1964 albicantes

264 1975 316 2020 in
338 1988 537 2034 utroque
555 1974 696 2019 latere
716 1969 850 2032 supra
868 1973 1022 2034 pedes,
1055 1978 1275 2038 utrinque
1303 1989 1555 2023 cernuntur
1583 1996 1614 2036 4
1639 1980 1785 2038 magis
1804 1992 1917 2026 con—

103 2033 288 2097 spicuae,
321 2038 485 2098 quibus
506 2033 719 2094 adjacent
739 2031 941 2095 superius
957 2040 1075 2098 aliae,
1106 2041 1300 2101 obliquo
1316 2040 1397 2085 situ
1427 2036 1549 2098 [non
1567 2040 1617 2086 in
1633 2040 1757 2087 linea
1773 2037 1917 2088 trans-

100 2096 266 2159 versa]
333 2100 485 2147 Color
507 2099 650 2145 etiam
677 2098 883 2159 corporis
902 2100 955 2146 in
985 2103 1219 2151 cinereum
1251 2115 1471 2160 mutatur,
1502 2106 1547 2149 δε
1570 2103 1619 2148 in
1636 2104 1915 2151 annulorum

98 2161 354 2211 interstitiis
370 2163 453 2210 rufi
469 2162 644 2222 aliquid
666 2172 872 2223 apparet.
935 2161 1057 2212 Teia
1072 2162 1118 2212 se
1138 2166 1352 2224 involvit,
1369 2166 1423 2212 in
1438 2179 1530 2225 qua
1542 2166 1726 2213 latitans
1747 2168 1799 2213 in
1814 2170 1912 2216 Au-

97 2225 262 2273 reliam
285 2223 545 2287 spadiceam
560 2238 774 2272 mutatur.
1719 2290 1721 2293 ι

168 2288 315 2336 Circa
336 2290 475 2336 finem
496 2288 717 2336 Odiobris
737 2285 958 2345 Phalaenae
979 2289 1128 2338 forma
1158 2291 1272 2338 exiit
1294 2289 1572 2352 minusculae,
1604 2293 1686 2340 alis
1706 2294 1808 2341 latis
1829 2308 1911 2342 ex-

96 2351 341 2399 terioribus
373 2351 565 2399 obscure
591 2349 666 2399 seu
694 2348 876 2398 sordi-‘deff
899 2353 1111 2412 cinereis,
1144 2370 1249 2402 cum
1269 2355 1444 2402 duobus
1464 2353 1718 2404 transversis
1741 2357 1907 2405 areolis

98 2415 454 2475 nigricantibus,
502 2417 643 2463 altera
681 2415 931 2474 infigniore
968 2414 1109 2477 paulo
1142 2415 1277 2480 supra
1315 2419 1515 2466 mediam
1548 2420 1910 2483 longitudinem.

98 2475 246 2525 Paulo
257 2476 391 2541 supra
406 2481 553 2526 imum
577 2479 838 2539 marginem
858 2477 1031 2526 lineola
1054 2482 1256 2542 margini
1273 2482 1491 2542 parallela
1514 2479 1736 2545 &putretis
1757 2483 1905 2545 nigri-

96 2542 303 2589 cantibus
332 2544 594 2603 compofita.
660 2541 759 2589 Alae
785 2541 1028 2590 interiores
1058 2541 1219 2605 supina
1250 2558 1379 2605 parte
1411 2544 1436 2591 ὲ
1459 2547 1645 2593 cinereo
1671 2546 1901 2603 albicant,

95 2603 193 2650 imo
215 2607 427 2668 margine
445 2609 721 2667 punrstorum
757 2605 1089 2664 nigricantium
1120 2609 1284 2654 ordine
1316 2610 1488 2657 cinero.
1550 2611 1702 2656 Prona
1725 2611 1899 2656 alarum

78 2665 233 2715 facies
253 2666 421 2728 supinae
446 2666 541 2718 sere
562 2669 804 2727 concolor,
838 2669 1008 2717 minori
1031 2685 1184 2718 tamen
1203 2673 1412 2719 colorum
1439 2673 1674 2721 varietate.

801 2773 1219 2844 FJ'NJS.
1783 2799 1897 2846 AP-
