2322 3206
1049 36 1386 131 ’(8)

367 172 484 222 tate,
515 168 567 209 ut
588 149 728 206 facile
747 150 776 202 ὲ
796 150 962 202 Pulice
978 147 1232 198 incedente
1255 145 1568 194 traherentur.
1631 143 1741 195 Nec
1754 144 2100 208 tamenPuleX,
2130 146 2210 196 ca..

369 239 500 286 tena,
529 220 631 272 sera
651 225 698 269 &
717 218 860 269 clavis
875 214 1011 280 grani
1035 211 1218 279 pondus
1241 210 1376 257 simul
1393 210 1693 259 excederent.
1758 206 1890 269 Cum
1900 225 1985 259 nos
1999 212 2209 274 peregri-

372 304 611 347 naremur‚
644 283 860 335 Veneriis
893 284 940 328 ὅτ,
965 273 1185 338 Augustae
1199 272 1558 324 vindelicorum
1581 285 1718 322 erant
1740 275 1825 335 qui
1841 270 2104 335 hujusmodi
2125 292 2213 339 pu-

372 355 483 403 lices
498 350 676 401 catenis
697 345 936 408 chalybeis
957 354 1036 388 aut
1057 338 1292 402 argenteis
1323 339 1457 387 -collo
1486 336 1671 402 injectis
1688 333 1811 386 ‘satis
1826 339 2085 400 viliepretio
2097 353 2215 389 ven-

376 418 559 476 derent,
593 428 794 477 quorum
805 421 951 456 unum
965 405 1031 453 D.
1061 403 1293 466 Willughby
1315 403 1445 451 emit.
1509 404 1582 452 Hi
1607 404 1639 450 s1
1660 403 1712 451 in
1738 402 1967 465 pyxidula
1987 401 2083 451 una
2104 419 2213 452 cum

368 483 488 530 lana
501 492 753 543 aut-panno
764 476 873 522 loco
889 469 1045 518 calido
1063 464 1305 516 serventur
1323 488 1340 528 3
1373 471 1420 514 δε
1442 464 1592 516 ‘semel
1607 467 1819 528 quotidie
1836 464 2100 529 pascantur,
2119 469 2214 516 vdiu

380 549 557 594 vivunt.
619 540 811 591 Duabus
832 529 1148 584 minutissimis
1177 530 1455 594 forcipibus,
1486 545 1565 580 aut
1600 533 1631 578 fi
1653 531 1798 579 mavis
1820 532 2058 591 antennis,
2086 532 2215 580 viam

382 618 675 672 praetentant.
744 597 873 656 Cum
903 594 1069 659 sugere
1093 596 1334 658 issCipiunt
1354 593 1456 644 fero
1471 596 1922 660 perpendiculariter
1942 592 1988 644 se
2007 595 2217 658 erigunt,

385 678 431 722 ὅτ,
453 667 777 733 proboscidem
799 662 852 712 in
866 675 1022 710 cutem
1044 661 1291 709 intrudunt
1309 657 1335 707 ὲ
1357 658 1526 722 frontis
1546 659 1708 717 medio
1754 661 2062 718 rodeuntem„
2101 662 2219 709 Pru-

384 738 496 786 ritus
513 750 614 782 non
629 730 787 780 statim
806 725 1020 786 sentitur,
1051 721 1131 784 sed
1173 724 1313 787 paulo
1357 721 1476 787 post.
1537 719 1672 775 Cum
1699 675 1927 785 sgnguine
1947 719 1993 771 se
2010 725 2222 785 repleve-

384 802 499 859 rint,
525 797 663 846 ‘faeces
684 800 773 858 per
790 806 934 840 anum
956 786 1232 850 sanguineas
1253 785 1425 855 ejicere
1439 791 1677 852 incipiunt
1689 808 1705 849 ,-
1738 801 1879 850 atque
1898 785 1965 835 ita
1999 802 2085 850 per
2102 788 2224 836 mul..

385 879 453 913 tas
476 864 611 911 horas
626 862 657 908 fi
678 857 1010 923 permittantur
1031 851 1278 917 sugunt&
1300 867 1601 902 excrementa
1635 850 1936 913 ejaculantur.
2003 850 2113 900 Post
2129 853 2227 914 pri-

387 944 516 977 mum
541 925 776 989 pruritum
784 920 938 970 nullus
950 921 1160 979 unquam
1178 915 1372 966 sentitur
1387 919 1536 967 dolor.
1600 917 1737 966 Vixit
1758 933 1876 965 unus
1892 913 2102 981 sugendo
2117 915 2223 964 san-

389 993 586 1055 guinem
608 987 635 1037 ὲ
655 989 811 1052 palma
833 979 998 1032 mantis
1018 984 1080 1032 D.
1096 982 1330 1046 Willughby
1353 997 1455 1043 per‘
1475 997 1565 1031 tres
1594 977 1790 1042 menses,
1806 1003 1810 1032 :
1825 982 2016 1030 tandem
2041 979 2225 1044 hyemis

388 1057 565 1119 frigore
582 1063 847 1117 peremptus
859 1045 939 1096 est.
963 1081 966 1084 -

393 1172 653 1231 Pediculus
682 1169 828 1243 ferus
865 1161 1118 1219 Mouffet.
1153 1163 1319 1218 Thea.
1364 1162 1529 1235 Infecit.
1577 1182 1696 1233 209.
1746 1165 1908 1218 Pedic.
1957 1163 2229 1238 inguinalis

887 1240 1071 1293 FranC.
1095 1235 1254 1290 Redi.
1290 1235 1385 1289 The
1405 1234 1722 1307 Crab-Loufi’.
1862 1235 1866 1237 ’

504 1379 654 1440 Igurae
675 1372 823 1435 magis
839 1365 1055 1431 depreffae
1076 1365 1162 1428 est,
1193 1370 1240 1416 &
1257 1367 1443 1421 Ricinis
1461 1366 1671 1416 *similior
1698 1364 1840 1430 quam
1865 1368 2116 1430 Pedicuiusv
2130 1356 2233 1427 vul-

537 1440 677 1504 garis.
743 1437 791 1486 A
813 1434 995 1484 Cancri
1008 1431 1160 1480 forma
1179 1446 1264 1479 nos
1286 1431 1440 1495 Angli
1456 1428 1703 1490 Crab-lc'mje
1714 1432 1925 1482 dicimus.
1969 1432 2233 1482 Numeros&

399 1517 687 1569 propagatur
704 1502 828 1550 inter
853 1499 974 1562 pilos
995 1496 1264 1564 inguinum,
1296 1492 1545 1562 praecipue¹
1560 1497 1925 1545 immundorum.
1990 1498 2135 1546 Pedes
2150 1497 2234 1546 ha·

400 1573 480 1618 bet
507 1566 605 1629 sex,
635 1568 883 1618 Antennas
911 1563 1021 1632 duas
1043 1580 1057 1620 3
1091 1559 1212 1630 pilos
1233 1559 1363 1607 circa
1395 1557 1624 1622 posticam
1641 1573 1823 1621 partem
1848 1575 2109 1623 argenteos.
2173 1563 2234 1610 In

397 1635 540 1683 icone
568 1637 616 1681 F.
642 1629 746 1679 Redi
768 1639 909 1691 caput
927 1622 1048 1686 justo
1070 1624 1255 1685 longius
1290 1624 1520 1685 pingitur.
1566 1624 1715 1672 'Inter
1745 1637 1975 1673 antennas
1995 1628 2042 1673 δε
2065 1640 2235 1688 corpus

400 1697 650 1808 ocluliduo.
716 1693 827 1743 Ova
849 1690 1078 1751 oblonga,
1109 1688 1216 1753 pilis
1246 1688 1455 1750 inguinis
1484 1687 1726 1749 haerentia,
1758 1702 1809 1737 ut
1844 1689 2004 1738 lendes
2024 1691 2237 1752 vulgares

433 1779 503 1809 115
526 1776 578 1809 ca
617 1774 704 1808 itis.
1500 1788 1502 1791 -
1925 1777 1928 1781 ·

398 1779 429 1825 p
463 1777 652 1875 Pedicllcli
680 1822 768 1888 fieri
811 1831 997 1869 mentum
1027 1815 1232 1882 praecipue
1265 1813 1553 1881 palpebrasque
1581 1813 1638 1868 (7-
1673 1816 2050 1881 denfinspeslitam
2071 1820 2234 1881 pubem,

398 1908 549 1937 necnon
576 1892 752 1952 inguina
783 1883 839 1938 &¹
863 1883 1020 1932 axillas
1047 1893 1260 1945 occupant,
1290 1881 1550 1943 compreffiore
1582 1896 1753 1947 corpore,
1794 1879 1872 1941 sed
1891 1887 2071 1930 acutiore
2092 1885 2236 1946 rostro,

399 1952 612 2019 magisque
624 1966 748 2017 atque
758 1951 904 2011 reliqui
927 1947 1147 1994 mordentes
1162 1943 1220 1997 ὠ·
1237 1947 1375 1992 minas
1393 1945 1629 1993 titillantes.
1671 1967 1681 1969 Ἀ
1694 1949 1840 2004 Ricina*
1862 1952 1976 1994 enim*
1985 1947 2100 1994 modo
2113 1950 2236 2012 rostro

401 2020 483 2068 alte
504 2029 717 2080 penetrant
731 2020 775 2061 in
797 2028 949 2074 cutem,
981 2025 1026 2058 ut
1044 2015 1129 2058 vix
1139 2011 1230 2073 stne
1245 2014 1395 2074 capitis
1403 2011 1574 2073 jablura
1590 2009 1727 2074 poffint
1747 2010 1902 2070 avelli,
1925 2013 2016 2058 raro
2035 2016 2135 2059 item
2148 2032 2236 2060 va-

396 2095 576 2195 guntgff
599 2078 677 2141 sed
703 2080 794 2128 diro
811 2078 922 2141 satis
947 2073 1083 2137 morsu
1101 2075 1186 2137 fibi
1209 2074 1342 2122 locum
1366 2087 1599 2136 excavant,
1631 2074 1863 2137 ibidemque
1881 2075 2079 2138 confident
2100 2078 2232 2140 affixi.

403 2148 496 2198 Mo
568 2160 629 2194 et.

523 2276 585 2320 W
929 2197 1161 2263 Pediculo
1182 2212 1408 2272 cognatus
1434 2197 1495 2254 (θ’
1512 2199 1702 2274 simila.

407 2332 744 2459 CElerrime
775 2347 858 2398 per
879 2333 1056 2382 tabulas
1076 2327 1348 2381 vetustiores
1377 2342 1571 2379 currunt
1592 2329 1897 2380 Animalcula
1924 2330 2159 2381 Pediculis
2185 2333 2239 2381 fi-

546 2396 663 2461 gura
683 2400 913 2447 simillima
945 2395 1025 2446 sed
1054 2398 1262 2456 minora,
1294 2396 1468 2444 coloris
1484 2395 1681 2456 cinerei,
1714 2395 1870 2457 capite
1897 2395 2047 2456 magis
2070 2393 2238 2459 fusc03

406 2460 724 2526 microscopio
739 2460 954 2526 spectatis
966 2463 1200 2513 Antennae
1222 2461 1463 2524 longiores
1482 2472 1732 2522 apparent.
1797 2459 1898 2509 Has
1915 2459 2046 2509 coitu
2063 2460 2240 2512 haeren-

405 2545 473 2578 tes
490 2528 609 2578 vidit
624 2528 689 2578 D.
703 2534 763 2581 W
758 2527 949 2591 illughby.
1028 2553 1031 2558 ·
1697 2535 1700 2537 ’
1823 2530 1826 2535 “

2111 2714 2239 2764 Pedi-
