2322 3206
886 54 1031 143 (37
1100 50 1147 139 )·

575 230 640 273 De
662 224 842 275 Aramis
868 227 1114 292 Phalangiis
1137 227 1263 276 distis
1284 232 1329 275 in
1344 245 1502 292 genere.

257 340 379 407 Ujus
399 346 579 406 generis
599 346 892 396 Araneorum
912 362 1022 396 nota
1046 347 1110 397 est
1127 348 1516 410 characteristica,
1559 368 1596 400 r.
1631 350 1854 404 Affultim
1875 356 1949 406 in-

249 430 252 435 v
287 410 423 472 gredi
451 410 656 471 pulicum
681 427 812 460 more
831 434 846 473 ,-
880 429 977 475 quae
1010 410 1105 460 sola
1138 426 1253 460 nota
1286 415 1502 462 evincere
1537 412 1657 464 satis.
1678 416 1743 465 est
1772 418 1948 468 nostras

120 471 258 521 hasce
280 471 489 532 bestiolas
517 471 608 521 esse
640 474 696 522 de
722 476 1087 538 Phalangiorum
1115 491 1286 538 genere
1312 478 1364 525 in
1383 478 1518 524 Plinio
1536 478 1728 542 aliisque
1745 484 1951 545 antiquis

119 534 419 600 scriptoribus
435 551 920 587 commemoratorum.
974 542 1054 589 An
1073 537 1184 588 vero
1201 542 1369 589 horum
1383 542 1466 589 smt
1490 545 1623 592 noxii
1637 543 1809 594 morsus
1831 548 1951 595 fimi-

121 602 229 648 liter
274 615 414 662 atque
458 600 679 662 illorum,
721 604 933 652 nondum
968 604 1085 651 mihi
1122 603 1250 652 certe
1303 606 1597 667 exploratum
1635 608 1713 657 e'st.
1790 628 1833 658 2.
1866 610 1947 660 Est

118 663 323 713 frontem
342 664 510 712 habere
532 666 657 713 velut
674 668 962 726 quadratam.
1028 669 1242 715 Ostonos
1271 670 1449 729 ocstulos
1470 670 1687 733 inaequali
1709 675 1945 737 magnitu-

119 729 249 789 dine,
281 733 327 777 &
349 729 400 775 in
414 728 597 777 dimidii
613 731 741 778 velut
762 732 926 779 circuli
944 728 1187 779 curvatur-3
1209 727 1457 794 disposltos.
1522 752 1567 796 4.
1601 738 1744 783 Pedes
1766 738 1943 799 priores

119 793 416 856 &longiores
436 795 483 841 δι’,
498 794 744 842 validiores
764 796 954 853 caeteris,
990 796 1047 842 ad
1071 794 1231 842 affidui
1246 792 1383 843 saltus
1404 800 1800 848 commoditatem.

184 857 231 904 A
252 854 468 918 proxime
481 853 789 920 superioribus
806 856 952 921 Lupis
968 859 1019 907 in
1043 858 1112 906 his
1128 872 1289 919 praeter
1304 860 1392 906 alia
1408 858 1644 919 {differunt
1667 885 1683 924 3
1720 881 1759 911 1.
1793 862 1941 927 Quod

119 919 191 968 his
211 918 338 969 frons
364 922 459 969 lata
483 921 547 968 fit.
610 938 654 968 2.
688 918 835 980 Quod
862 923 990 970 oculi
1021 918 1263 984 majusculi
1291 923 1342 970 in
1365 924 1434 971 his
1463 926 1755 987 oriprioreS,
1785 932 1941 978 mino-

120 981 284 1045 resque
304 980 456 1035 versus
472 985 704 1045 humer05,
741 981 848 1034 cum
870 988 920 1034 in
938 986 1029 1034 illis
1045 986 1341 1034 contrarium
1353 988 1483 1035 litum
1501 987 1760 1039 observent.

120 1099 423 1160 Tit-«XXXI.
456 1113 645 1157 Araneus
662 1116 856 1172 cinereus,
887 1113 989 1159 alvo
1009 1117 1171 1158 circiter
1193 1112 1304 1172 finis
1323 1112 1473 1177 fafi'iis
1501 1114 1762 1179 transversis,
1797 1124 1839 1164 in
1862 1136 1939 1163 an-

173 1175 294 1300 guslps
336 1187 475 1219 acutos
510 1177 554 1218 in
592 1174 724 1221 medio
755 1178 911 1234 eremi,
960 1180 1162 1241 argenteis
1200 1173 1257 1225 ὠ
1293 1182 1423 1239 nigris
1447 1179 1690 1226 airernatim
1727 1181 1940 1245 dispositis,

178 1243 225 1286 in
241 1241 392 1300 ignita.

244 1365 571 1416 Mediocribus
602 1363 682 1413 est.
750 1364 904 1412 Color
935 1366 978 1413 ei
1015 1367 1153 1427 niger
1184 1379 1411 1430 argenteo
1445 1366 1772 1417 interstincstus.
1835 1371 1940 1420 Hu-

166 1436 170 1439 '
256 1430 381 1478 meri
396 1430 533 1490 plani>
543 1427 627 1476 seu
644 1426 856 1491 depreffi,
884 1427 980 1476 fere
1002 1430 1247 1491 quadrati3
1280 1428 1379 1492 ipsa
1399 1429 1527 1480 frons
1543 1432 1650 1481 lata.

179 1495 452 1542 Oculorum
465 1494 605 1546 ⁴{itum
625 1494 748 1554 apud
767 1494 999 1541 Autorem
1021 1493 1231 1541 nostrum
1249 1495 1369 1543 vide.
1419 1537 1420 1541 ,

180 1559 328 1606 Pedes
347 1558 522 1616 breves,
554 1554 735 1616 hirsuti,
768 1557 999 1605 maculosi.
1052 1559 1200 1607 Alvus
1213 1554 1430 1619 subtereS,
1452 1560 1734 1608 acuminata.
1793 1562 1940 1626 Supe-

116 1621 235 1669 riori
262 1618 357 1683 ejus
379 1635 511 1682 parte
534 1621 722 1669 circiter
745 1633 834 1668 tres
868 1617 975 1669 sunt
1002 1620 1185 1670 lineolae
1218 1623 1306 1669 five
1333 1620 1479 1672 fasciae
1501 1637 1747 1685 argenteae,
1776 1623 1941 1677 ,latius-

112 1686 245 1744 culae,
281 1688 339 1733 ad
373 1684 570 1746 angulos
601 1682 786 1733 obtusos
815 1699 1064 1735 coeuntes:
1098 1685 1192 1734 istae
1226 1699 1384 1734 autem
1414 1684 1561 1736 fasciae
1585 1686 1840 1737 interstitiis
1864 1690 1938 1738 ni-

114 1749 206 1810 gris
224 1747 588 1811 distinguuntur,
623 1750 705 1796 nifi
733 1749 813 1796 ubi
836 1753 1050 1812 argentei
1069 1751 1156 1814 pili
1178 1750 1222 1797 id
1248 1753 1450 1813 variant,
1483 1752 1649 1813 quibus
1671 1753 1817 1801 etiam
1835 1754 1938 1802 bre·

114 1813 319 1862 vioribus
337 1818 382 1861 δῖ,
400 1814 619 1861 mollibus
636 1811 828 1860 bestiola
848 1829 907 1861 ex
924 1828 1027 1864 toto
1041 1815 1326 1876 contegitur.

179 1877 238 1924 In
270 1879 501 1925 veteribus
538 1878 838 1925 aedificiorum
869 1879 1138 1939 parietibus,
1171 1879 1284 1926 item
1307 1879 1356 1928 in
1386 1876 1526 1942 sylvis
1550 1875 1933 1940 frequentisfimus

113 1937 178 1989 est
199 1941 373 2001 ubique
394 1957 479 2002 per
496 1942 739 2002 Angliam.
1289 1961 1295 1962 ⁷

174 2005 236 2052 In
263 2003 519 2066 postremos
554 2006 691 2065 pedes
722 2002 766 2051 se
790 2004 971 2063 erigere
1004 2002 1138 2065 solet,
1184 2002 1418 2068 caputque
1446 2006 1704 2055 attollendo
1739 2007 1846 2054 loca
1879 2006 1929 2053 in

110 2082 211 2130 quae
232 2083 346 2115 mox
368 2068 552 2127 insiliat,
586 2068 792 2129 undique
813 2064 1018 2129 respicit.

174 2130 425 2179 Laceffitus
447 2131 474 2178 ὲ
493 2145 655 2179 ventre
673 2131 749 2178 fila
768 2131 984 2191 remittit,
1013 2145 1156 2194 atque
1172 2130 1382 2182 adversus
1403 2133 1584 2196 hyemis
1613 2130 1828 2183 saevitiam
1854 2133 1934 2181 fibi

110 2195 411 2243 involucrum
434 2193 459 2242 ὲ
479 2192 614 2255 spissa
644 2195 735 2242 tela
763 2193 1054 2242 linteoformi
1076 2199 1305 2259 contexit,
1338 2199 1389 2256 in
1411 2212 1504 2257 qua
1524 2200 1582 2246 ad
1607 2200 1814 2247 medium
1841 2200 1930 2245 Fe-

108 2258 345 2307 bruarium
369 2260 483 2306 latet
505 2255 726 2318 inclusus,
755 2254 932 2317 subque
949 2259 996 2306 id
1019 2273 1198 2321 tempus
1220 2273 1439 2308 venatum
1456 2263 1629 2323 prodit.
1694 2261 1824 2311 Inter
1846 2276 1931 2310 σεε,

110 2334 228 2370 teras
250 2320 428 2370 muscas
444 2322 689 2383 omnigeni
712 2322 882 2369 culices
900 2322 944 2368 ei
972 2322 1173 2371 maxime
1192 2325 1410 2373 arrident.
1791 2379 1793 2384 .

176 2383 330 2448 Hujus
345 2387 525 2435 Aranei
549 2401 716 2447 corpus
749 2385 918 2432 chartae
939 2385 1131 2451 ill-itum,
1164 2385 1392 2450 superque
1413 2389 1630 2439 lixivium
1651 2388 1928 2441 destinatum

108 2450 269 2501 colore
283 2447 602 2513 subpurpureo
625 2464 730 2501 earn
751 2447 915 2509 inficit.

1827 2710 1926 2758 Tit.
