2322 3206
1129 62 1378 155 (38)

330 250 663 309 Tit.XXX11.
697 224 888 300 Amnem
922 260 971 293 ex
1004 238 1098 305 rufo
1119 218 1354 304 sithf'uscm‚
1378 235 1500 304 ficper
1521 237 1658 288 clunes
1674 249 1825 304 praeter
1852 235 1957 288 duas
1985 237 2171 290 maculas

404 373 408 391 -.
479 320 594 368 albas
601 316 787 382 foliaced
803 307 987 378 quadam
999 306 1187 371 picburd,
1218 303 1375 368 obst-urb
1396 304 1493 354 licet
1515 304 1742 367 delineatd,
1774 304 2010 368 infignitm.

440 442 645 504 Roxim&
679 437 908 505 superiori
943 433 1088 499 paul&
1115 434 1275 484 minor
1301 431 1380 482 est.
1455 435 1609 484 Color
1626 430 1775 485 fuscus
1794 431 1850 482 ad
1873 434 2173 494 nigredinem

471 510 725 561 accedens:
758 519 810 552 ut
828 504 858 551 fi
875 516 1003 562 eum,
1033 501 1159 549 vitro
1187 497 1422 562 adhibito,
1453 500 1506 549 in
1529 498 1660 548 clara
1684 500 1790 550 luce
1811 494 2031 548 curiofius
2064 512 2176 546 exa·

331 579 499 635 mines,
528 569 764 622 subrufum
786 566 979 617 videbis.

397 643 446 690 A
467 637 780 702 praecedente,
811 632 992 694 reliqua
1007 628 1164 677 fimssis
1188 624 1366 691 differt,
1396 625 1527 691 quod
1546 623 1683 692 supra
1698 627 1856 678 alvum
1877 629 1986 678 duas
2003 626 2175 675 habeat

331 705 550 770 infignes,
592 702 705 749 lieet
735 699 960 757 minores,
990 694 1197 743 maculas
1219 694 1365 755 albas,
1394 691 1582 756 aliaque
1604 691 1800 757 vestigia
1822 691 2017 743 obseura
2037 689 2177 739 folia-

330 785 423 817 eeae
445 762 685 828 cujusdam
703 765 918 828 pieiurae:
954 761 1178 821 siquidem
1231 757 1340 809 aul&
1361 757 1483 809 infra
1505 759 1709 808 maculas
1733 759 2030 809 delineantur
2053 771 2177 818 quae-

331 834 440 882 dam
462 833 653 895 virgulae
675 824 944 878 transversae
975 822 1163 887 angusti
1198 838 1329 887 imae,
1360 826 1418 874 ad
1446 823 1663 886 obliquos
1697 825 1895 889 angulos
1925 835 2177 880 coeuntes,

331 899 457 946 velut
479 895 583 946 folii
606 891 844 956 cujusdam
867 891 1070 940 nervuli.
1272 907 1279 910 ⁴

391 962 471 1012 Ad
494 963 696 1024 parietes
728 953 876 1006 rarius
897 955 1132 1014 occurrit,
1163 954 1242 1002 etfi
1277 953 1404 1002 inter
1435 950 1693 1018 superiores
1729 954 1900 1006 multos
1928 964 2075 1002 unum
2103 940 2189 998 vel.

333 1028 532 1076 alterum
554 1024 793 1075 multoties
815 1018 1059 1070 observavi
1074 1016 1292 1069 Eboraci.
2100 1050 2103 1051 γ

333 1157 433 1204 Tit.
455 1151 701 1205 XXXIII·
736 1155 927 1200 Araneus
953 1145 1198 1210 fitbflavm,
1228 1145 1354 1193 oculis
1377 1141 1688 1210 smaragdinis,
1729 1151 1831 1196 item
1861 1149 1928 1194 cui
1953 1146 2180 1210 ficundlam

950 1213 1087 1261 clunes
1103 1226 1182 1261 tres
1200 1210 1380 1274 virgulae
1401 1228 1559 1260 croceae.

505 1348 633 1399 Ediae
654 1344 993 1410 magnitudinis
1024 1338 1105 1390 est.
1170 1339 1326 1389 Color
1359 1340 1406 1389 ei
1439 1339 1697 1388 maximam
1728 1354 1913 1404 partem
1940 1340 2182 1395 sufflamus,

539 1411 745 1462 Humeri
773 1408 885 1469 lati,
915 1407 1014 1457 fere
1034 1404 1278 1467 quadrati,
1309 1404 1563 1453 admodum
1595 1405 1757 1466 plani:
1800 1406 2015 1458 latiffima
2037 1409 2182 1460 frons.

334 1478 487 1526 Oculi
507 1477 635 1526 velut
655 1475 854 1523 totidem
877 1469 1113 1532 smaragdi
1127 1464 1387 1530 virescunt,
1413 1480 1559 1530 atque
1580 1468 1803 1519 inauratis
1824 1472 1966 1522 radiis
1987 1472 2183 1524 micant.

334 1542 592 1604 Reliquam
613 1536 978 1602 descriptionem
997 1532 1078 1584 hic
1099 1533 1221 1582 vide.
1516 1534 1519 1540 ¹

390 1605 547 1662 ¹Pedes
581 1605 727 1668 primi
767 1603 858 1661 (in
879 1597 1118 1659 maribus)
1163 1593 1294 1645 erasti
1309 1632 1327 1656 ,
1358 1593 1552 1657 hirsuti,
1585 1599 1759 1646 caeteris
1783 1599 2027 1664 longiores
2039 1639 2058 1665 ,
2090 1605 2183 1652 δερ,

335 1672 485 1721 Alvus
507 1667 727 1728 subteres,
759 1667 1064 1726 acuminata3
1095 1658 1353 1711 secundum
1370 1661 1583 1711 clunium
1605 1662 1956 1726 longitudinem
1980 1679 2072 1715 tres
2089 1668 2183 1716 vir-

335 1734 454 1796 gulae
466 1749 643 1784 crooeae
659 1729 783 1782 cons
806 1732 920 1780 icuae
941 1728 1208 1778 admodum.
1276 1726 1461 1775 Venter
1480 1726 1674 1776 albidus.
1739 1728 1857 1777 Non
1878 1731 2018 1781 aliter
2039 1729 2181 1793 quarn

336 1802 490 1849 Pulex
511 1801 564 1848 in
585 1794 758 1862 greffu'
777 1796 890 1844 altat
909 1815 925 1855 ς
959 1799 1006 1844 δε
1026 1789 1256 1842 laceffitus
1273 1787 1301 1839 ὲ
1318 1804 1484 1840 ventre
1500 1791 1630 1838 filum
1653 1791 1842 1842 emittit.

405 1866 541 1914 Mari
562 1877 721 1911 autem
741 1860 987 1909 cornicula
1013 1869 1223 1909 extrema
1251 1867 1441 1920 turgent
1462 1859 1509 1906 ἃ
1538 1855 1811 1918 dilatantur,
1844 1856 2032 1923 telaque
2055 1872 2185 1911 atro..

338 1928 559 1979 rubentia
573 1924 879 1976 abscondunt.
1011 1934 1019 1941 ·
1944 1945 1946 1947 >
2177 1916 2184 1921 ’

406 1995 449 2045 E
467 1992 720 2043 rarioribus
738 1988 937 2040 Araneis
955 1985 1036 2038 est.

519 2123 621 2172 Tit.
635 2118 875 2188 XXXIV,
909 2121 1099 2168 Amnem
1111 2111 1311 2180 fiebrufus
1332 2117 1379 2163 in
1400 2116 1560 2162 ericettb·
1568 2115 1668 2177 five
1684 2114 1852 2178 rupibus
1872 2114 2032 2181 degens.

349 2251 741 2376 SUperioribus
771 2247 842 2298 sui
873 2247 1060 2315 generis
1081 2243 1408 2308 magnitudine
1438 2258 1526 2306 par
1557 2241 1638 2307 est.
1701 2245 1859 2295 Color
1885 2246 1930 2296 ei
1948 2243 2156 2299 subrufus
2165 2248 2187 2312 ,'

459 2318 517 2364 ad
540 2315 807 2364 castaneum
826 2315 915 2362 five
937 2311 1119 2377 pullum
1140 2325 1351 2373 vergens.

413 2382 618 2430 Humeri
639 2381 789 2441 plani,
816 2378 913 2428 fere
933 2376 1181 2439 quadrati:
1213 2377 1360 2424 Frons
1376 2373 1484 2423 lata.

414 2447 561 2494 Pedes
583 2446 774 2503 breveS,
808 2458 870 2491 ex
904 2443 975 2491 his
1002 2454 1204 2504 quatuor
1233 2441 1414 2505 priores
1447 2434 1608 2498 (certe
1637 2437 1689 2488 in
1719 2437 1958 2500 maribus)
1991 2435 2186 2504 reliquis

351 2508 502 2559 mult&
521 2507 756 2557 craffiores
773 2503 894 2555 sunt.

418 2577 564 2624 Alvus
586 2572 873 2631 acuminata,
904 2572 982 2620 cui
1001 2569 1133 2619 color
1148 2570 1272 2618 idem
1294 2582 1436 2631 quem
1460 2567 1667 2614 videmus
1683 2567 1736 2616 in
1754 2579 1939 2615 maturo
1957 2570 2090 2630 pomi
2113 2566 2185 2619 se-
2252 2569 2264 2576 ⁴

353 2641 512 2688 mine:
545 2635 649 2686 sunt
678 2637 820 2685 etiam
849 2637 1059 2697 quaedam
1083 2633 1367 2695 nigricantes
1395 2631 1591 2687 venulae,
1622 2631 1711 2678 five
1740 2630 2025 2680 lineamenta
2046 2631 2180 2682 folia-

350 2719 465 2752 cea:
497 2716 718 2767 praeterea
755 2701 813 2747 ad
842 2701 935 2747 alvi
968 2700 1114 2748 latera
1141 2698 1394 2746 candidam
1414 2695 1648 2757 quandam
1675 2695 1906 2757 pisturam
1923 2697 2066 2761 nigro
2089 2698 2184 2746 ele-

353 2782 520 2830 ganter
541 2766 804 2818 diffindam
818 2778 951 2816 notes
968 2764 1123 2814 velim.
1185 2759 1292 2823 Ipse
1314 2774 1479 2811 venter
1501 2761 1726 2810 cinereus.

2123 2825 2185 2875 In
