2322 3206
1163 89 1447 180 (πο)

392 201 692 263 subfistenteS,
726 201 1026 268 Cynosbatos
1047 211 1207 248 tamen
1225 213 1327 246 non
1343 193 1616 247 deserentes.
1678 198 1957 267 Antequam
1985 213 2146 252 tamen
2175 219 2235 255 ex

394 272 668 332 Bedeguare
686 269 1036 330 egrederentur,
1068 260 1261 309 diffecui
1282 257 1789 324 spongiolas‚.a¹‚iquot„
1810 280 1862 314 ut
1878 267 2104 316 interiora
2131 284 2240 330 per„

397 334 659 393 lustrarem,
691 337 738 380 δε
759 331 922 380 inveni
943 329 995 375 in
1015 322 1291 387 quibusdam
1319 326 1500 372 cellulis
1523 327 1727 375 termites
1747 343 1914 389 parvos
1931 332 2059 380 albos
2078 335 2238 383 incur-

376 430 380 432 s
396 413 528 448 vatos
551 399 691 460 (quos
703 395 842 443 etiam
857 391 1081 439 mensibus
1098 389 1282 438 Martio
1310 392 1358 437 &
1373 388 1533 451 Aprili
1548 390 1599 436 in
1612 389 1880 451 Spongiolis
1900 391 2165 454 observavi)
2186 398 2239 444 in

396 464 610 526 plurimis
630 472 784 506 autem
820 456 1016 519 pupulas
1055 455 1309 502 albicantes
1330 469 1440 502 cum
1462 453 1678 515 capitulis
1699 450 1790 502 suis‘
1814 456 2038 516 exquisite
2056 460 2242 508 visibili-

396 530 498 587 bus,
518 528 570 573 in
583 524 748 584 quibus
761 522 905 569 ocelli
915 519 1205 581 nigricantes
1219 518 1568 581 prominebant.
1583 519 1814 567 Sedebant
1834 534 1991 568 autem
2007 522 2059 569 in
2073 523 2240 573 loculis

395 589 484 640 suis
512 602 733 648 tanquam
766 586 964 649 embryo
986 585 1038 631 in
1053 595 1189 631 utero
1211 597 1448 644 materno,
1481 579 1755 644 fingulisque
1777 598 1837 632 ex
1854 585 1953 632 imo
1975 598 2139 634 ventre
2160 603 2238 635 ca.-

396 654 515 705 nalis
533 652 726 712 quidam
747 645 1055 698 subtiliffimus
1074 644 1226 697 versus
1249 645 1436 697 dorsum
1454 647 1506 695 in
1527 644 1829 697 substantiam
1846 649 2125 713 Bedeguaris
2145 648 2241 700 sur·
2316 651 2319 654 ’

396 716 499 767 sum
530 715 785 774 ferebatur,
819 715 907 762 slve
938 729 1028 776 pro
1063 711 1447 761 conformatione
1478 713 1655 772 aculei,
1688 712 1776 760 slve
1799 725 1849 760 ut
1871 711 2126 762 adferretur
2153 730 2244 777 per

398 797 516 831 eum·
540 780 791 843 embryoni
812 779 924 827 huic
948 778 1254 838 alimentum,
1284 790 1622 842 tanquamper
1644 791 1722 824 vas
1743 777 1937 839 aliquod
1959 777 2240 828 umbilicale.

399 844 589 895 Minime
610 845 655 891 ob
678 845 782 891 hanc
815 842 982 903 causam
997 862 1012 903 3
1035 841 1244 905 stquidem
1267 846 1447 889 termites
1477 843 1569 903 sive
1590 841 1818 888 vermiculi
1848 843 1942 889 cam
1975 846 2020 890 in
2043 843 2240 907 nymphas

390 914 488 974 jam
510 909 717 967 abierunt,
752 927 830 955 non
854 906 1030 971 amplias
1053 907 1301 954 alimentum
1316 907 1516 953 hauriunt
1538 915 1611 952 aut
1632 901 1851 965 assumunt.

466 974 563 1023 Die
576 990 610 1034 7
626 973 746 1034 Julii
761 969 958 1021 diffeetae
975 968 1232 1035 spongiolae
1249 972 1533 1033 embryones
1548 985 1711 1019 omnes
1724 966 1813 1018 suis
1833 967 1928 1033 jam
1949 971 2117 1021 coeli&
2131 984 2241 1034 pur-

398 1052 526 1100 purae
549 1038 785 1087 coloribus
807 1035 998 1085 vestitos
1019 1037 1305 1085 exhibebant
1325 1053 1338 1086 ς
1372 1035 1555 1083 indicio
1577 1030 1706 1096 quod
1736 1035 1788 1083 in
1810 1036 1988 1084 cellulis
2009 1034 2096 1085 suis
2119 1040 2242 1087 Eru-

399 1103 514 1150 culae
541 1102 617 1151 vel
634 1102 870 1149 Termites
900 1102 953 1148 in
984 1100 1180 1161 pupulas
1212 1097 1316 1159 [seu
1343 1095 1602 1160 nymphas]
1633 1098 1789 1144 exhis
1814 1098 1867 1146 in
1889 1095 2112 1159 Vespulas
2133 1117 2242 1164 per-

396 1164 539 1214 feetas
575 1162 961 1226 transmutantur,
991 1166 1049 1212 δε,
1068 1161 1140 1212 ita.-
1169 1178 1266 1226 per„
1287 1159 1432 1214 exesa
1457 1160 1739 1212 foraminula
1769 1161 1822 1211 in
1854 1175 2011 1212 aerem
2029 1177 2242 1227 apertum

399 1231 716 1293 egrediantur.

467 1296 581 1343 Hoc
598 1292 725 1342 faeto
737 1294 977 1353 coeunt,&
994 1289 1226 1353 spermata
1244 1287 1467 1350 sua,faei:a
1485 1288 1611 1353 prius
1624 1289 1795 1340 aculeis
1810 1288 2112 1353 pune’cura‘lgin
2129 1290 2240 1344 rosae

402 1363 557 1421 virgas
577 1360 859 1417 immittunt,
890 1353 1326 1418 quae-exsolutione
1344 1355 1561 1402 continui
1585 1356 1675 1402 hac
1702 1355 2127 1417 virgularumrosae
2153 1359 2241 1407 hu-·.
2275 1380 2282 1385 1

401 1424 763 1475 moreunutritio
787 1418 1167 1483 perfunduntur„
1180 1434 1240 1468 ex
1272 1434 1381 1481 quo.
1401 1419 1548 1481 pilula
1573 1419 1662 1466 sive
1693 1414 1943 1482 spongiola
1965 1420 2064 1470 haec
2090 1421 2241 1484 pilosa

400 1484 647 1547 excrescit,
662 1490 666 1494 '
679 1501 731 1535 ut
747 1488 797 1534 in
814 1501 872 1533 eo
894 1486 1243 1547 praenominatae
1259 1480 1471 1544 Vespulae
1485 1482 1763 1544 generari&
1785 1485 2024 1543 procreari
2053 1485 2241 1547 postint.¹

399 1553 685 1603 Punetiones
708 1547 1064 1612 &spermatum
1092 1548 1318 1611 depositio
1340 1547 1390 1594 fit
1411 1547 1634 1595 menfibus
1650 1545 1782 1605 Julio
1812 1549 1859 1594 δι
1875 1546 2111 1609 Augusto,
2144 1566 2242 1613 quo

399 1630 619 1679 tempore
641 1616 885 1676 Bedeguar
900 1614 1125 1676 paulatim
1152 1627 1262 1660 cum
1282 1608 1514 1673 spermate
1533 1612 1882 1659 incrementum
1900 1609 2041 1660 sumit
2067 1633 2083 1674 ,-
2110 1628 2163 1662 ut
2177 1617 2243 1664 ab·

397 1681 708 1732 inclementia
727 1678 834 1726 coeli
855 1674 1171 1739 subsequentis
1186 1676 1404 1724 autumni
1424 1678 1469 1723 &
1488 1675 1669 1738 hyemis
1683 1673 1902 1724 conclusa
1922 1677 2045 1727 intus
2060 1675 2240 1730 semina

401 1745 544 1805 tueri,
569 1747 617 1792 δι
638 1741 796 1791 futuro
813 1756 920 1790 vere
938 1742 1155 1802 enutriri,
1186 1737 1334 1802 eaque
1352 1735 1543 1789 ulterius
1556 1741 1799 1791 elaborare
1813 1737 1965 1803 poffit.

402 1867 558 1932 Musba
579 1869 840 1932 Brafficariae
858 1874 1025 1930 Erum,
1058 1866 1077 1913 ὲ
1089 1864 1276 1931 fillicalo
1288 1864 1459 1992 fiffceo,
1480 1871 1641 1933 inquo«
1664 1871 2013 1936 metamorphosin
2028 1868 2141 1933 paſjb
2162 1872 2238 1935 est,

1250 1947 1339 1994 egre
1370 1950 1409 1979 a.
1710 1984 1712 1986 ,

509 2064 560 2114 Χ
582 2063 749 2111 Erucae
782 2059 1070 2111 Braffieariae·
1101 2057 1421 2126 vulgatissimae
1455 2056 1601 2109 dorso
1628 2060 1914 2111 &lateribus
1935 2064 2239 2126 egrediuntur

543 2125 779 2190 saepiffime
795 2127 1077 2179 animalcula
1093 2124 1120 2174 ὲ
1138 2127 1502 2175 vermiculorum
1524 2141 1701 2188 genere
1723 2127 1945 2188 plurima,
1974 2142 2033 2177 ex
2054 2130 2244 2192 singulis

400 2189 500 2242 scil.
526 2192 691 2244 Erucis
712 2191 907 2251 triginta
937 2192 1203 2250 minimum,
1233 2188 1260 2238 ὲ
1280 2190 1520 2239 nonnullis
1540 2190 1660 2238 ultra
1686 2187 1949 2253 sexaginta,
1981 2193 2105 2253 alba,
2137 2197 2242 2256 gla-

403 2257 507 2317 bra,
541 2255 739 2316 pedibus
756 2253 990 2316 destituta,
1008 2259 1069 2304 .&
1101 2252 1210 2304 cum
1242 2251 1558 2317 microscopio
1580 2255 1948 2304 examinavimus
1974 2258 2238 2323 pellucida3

403 2335 505 2380 quae
524 2318 679 2367 statim
702 2318 737 2366 a·
750 2320 994 2368 nativitate
1015 2323 1271 2369 textrinam
1288 2320 1596 2379 inchoabant,
1627 2318 1798 2379 sibique
1833 2321 2012 2368 loculos
2038 2322 2126 2369 sive
2154 2324 2241 2370 do-

404 2382 581 2432 micilia
602 2379 776 2432 sericea
793 2385 909 2430 flava
921 2385 1057 2447 intra
1073 2385 1269 2433 duarum
1286 2384 1504 2449 horarum
1518 2380 1718 2446 spatium
1733 2385 2065 2445 praetexebant,
2096 2384 2122 2434 ὲ
2137 2387 2243 2448 qui-

404 2448 489 2495 bus
508 2445 791 2508 insequentis
811 2448 1034 2496 Ostobris
1067 2449 1308 2511 principio
1335 2446 1609 2497 Muscarum
1631 2444 1783 2496 forma
1814 2449 2127 2512 prodierunt3
2159 2466 2239 2501 ca-

404 2512 576 2574 pite&
607 2524 709 2558 toto
731 2526 1050 2574 corporetam
1083 2508 1282 2576 superne
1304 2510 1444 2575 quam
1478 2510 1660 2560 inferne
1686 2512 1849 2572 nigris,
1881 2514 2092 2562 cruribus
2113 2514 2243 2565 rufe..

404 2573 665 2624 scentibus:
698 2575 937 2624 Antennis
968 2592 1054 2640 pro
1076 2577 1352 2626 animalium
1369 2578 1551 2626 ratione
1569 2574 1843 2638 longiffimis
1864 2594 1876 2624 :
1911 2577 2016 2626 Alis
2036 2593 2235 2640 corpore

402 2627 717 2701 longioribus,
747 2641 977 2699 argenteis
999 2638 1197 2703 prorsus,
1231 2642 1313 2689 nisi
1334 2639 1461 2703 quod
1477 2640 1658 2702 lingula:
1682 2641 1866 2702 singulis
1888 2642 2080 2690 maculis
2091 2645 2235 2704 nigris

402 2716 694 2752 notarentur.
758 2704 886 2749 Tota
919 2706 1130 2765 corporis
1167 2706 1315 2757 moles
1351 2706 1678 2756 Formicarum
1719 2705 2237 2770 minimarummagniz-

406 2768 745 2820 tudinemmon
763 2766 1030 2817 excedebat.
1044 2814 1050 2817 .

2084 2831 2236 2895 Musca
