2322 3206
848 44 1222 160 (¹293'

89 174 288 245 pulchre
305 174 600 239 variegatur:
631 190 725 239 prae
754 175 856 225 aliis
882 176 1080 238 insignes
1106 171 1391 226 suntareolae
1411 175 1515 226 latae
1531 178 1812 246 transversae,
1842 187 1916 235 ni-

87 258 174 307 gra
188 247 237 294 8τ
256 243 481 300 albicans,
509 241 637 291 circa
652 254 732 289 aut
748 236 891 303 paulo
913 240 1039 290 infra
1056 241 1257 291 mediam
1276 241 1635 305 longitudinem.

85 386 133 432 7.
166 371 328 437 Papilio
347 368 504 431 media,
535 382 621 417 tota
635 370 766 435 pulla,
793 385 922 434 prona
936 370 1103 419 alarum
1118 384 1234 436 parte
1247 370 1381 420 ocellis
1391 372 1569 437 aliquot,
1602 371 1621 419 ὲ
1640 376 1789 437 punc'i‘o
1805 374 1914 437 albo,

151 435 309 500 duplici
331 435 500 495 circulo,
528 438 646 498 nigro
668 431 725 485 ὦ*
736 433 899 496 fhrdid&
916 435 1020 482 luteo
1041 438 1172 483 cinelo
1189 437 1426 499 compositis,
1457 437 1683 498 illustrata.
1751 440 1911 501 Papilio

150 500 310 549 medius
322 504 487 548 omnino
507 497 665 564 fuscus,
695 499 889 562 plurimis
909 500 1034 548 oculis
1048 505 1183 565 nigris
1197 504 1242 549 in
1257 501 1422 549 circulis
1442 501 1564 549 luteis
1572 499 1718 562 subtc‘cs
1734 517 1913 552 ornatus,

148 562 278 618 Mus.
296 566 397 614 Pet.
424 579 531 627 313.

84 693 390 820 INterioris
404 693 580 742 alarum
601 690 860 758 superficiei
878 694 1010 743 color
1026 693 1220 742 dilutior
1237 692 1304 743 est
1322 697 1368 742 8z
1386 692 1484 743 fere
1499 692 1742 743 olivaceuS.
1809 695 1912 744 Alae

184 759 438 808 exteriores
461 774 612 821 prona
629 758 748 807 facie
773 759 966 807 maculis
990 758 1162 814 duabus
1184 759 1459 820 pinguntur,
1491 759 1735 807 interiores
1756 756 1911 820 primo

82 823 258 873 duabus
273 839 411 886 poene
433 823 687 886 contiguis,
720 824 889 872 deinde
910 817 1102 871 inferius
1121 823 1268 870 tribus
1286 825 1336 872 in
1354 824 1516 871 eadem
1533 825 1658 871 reeta
1681 824 1781 871 fitis.

79 957 125 1005 8.
161 954 324 1017 Papilio
356 956 511 1014 minor,
545 950 705 1014 supina
722 952 839 1015 facie
869 964 954 998 tota
987 953 1223 1014 nigricante
1240 970 1256 1012 3
1287 952 1415 1016 prona*
1443 949 1787 1012 caeruleo-viridi,
1820 969 1912 999 cum

141 1017 255 1065 linea
284 1021 331 1064 in
351 1015 534 1079 utrifilue
562 1018 644 1064 alis
675 1018 827 1078 oblique
855 1013 1116 1078 transversd,
1144 1015 1256 1064 albd.
1320 1018 1422 1082 Pap.
1444 1018 1578 1062 minor
1597 1015 1743 1078 fuscus
1766 1014 1914 1077 subtus

135 1083 335 1145 striatas,
367 1083 492 1132 Gaz.
509 1083 611 1131 Pet.
643 1082 692 1129 T.
719 1100 791 1131 11.
825 1099 864 1128 n.
888 1099 932 1142 9.

80 1204 343 1332 PRaeter
377 1209 523 1258 lineas
559 1210 685 1257 albas
718 1209 769 1255 in
796 1208 975 1255 alarum
1001 1209 1282 1256 interiorum
1315 1223 1467 1270 prona
1499 1206 1743 1272 superficie
1761 1221 1912 1271 prope

215 1275 363 1322 imum
384 1273 653 1335 marginem
673 1274 832 1320 duetus
858 1271 995 1318 ruber
1016 1268 1096 1318 seu
1117 1272 1468 1331 cinnabarinus,
1500 1287 1648 1320 totam
1669 1273 1791 1321 alam
1808 1287 1912 1319 non

75 1338 398 1398 pertranfiem,
418 1336 644 1394 cernitur,
674 1335 756 1396 qui
774 1330 979 1396 superius
999 1331 1128 1383 lineai
1144 1333 1282 1399 nigrzi
1307 1333 1497 1383 dentatzi
1510 1336 1806 1396 terminatur,
1836 1336 1910 1383 in-=

75 1395 215 1450 feritis
240 1402 337 1467 duo
364 1398 513 1448 triaive
535 1402 708 1462 pune'ca
726 1400 864 1461 nigra
887 1398 1085 1448 obtinet,
1149 1396 1389 1448 Proceffus
1412 1398 1633 1462 styloides
1657 1401 1811 1460 niger,
1840 1401 1910 1448 in-

71 1478 257 1525 curvus,
278 1464 426 1528 apice
455 1465 566 1514 albo
589 1466 649 1513 ab
681 1464 863 1512 alarum
880 1464 1158 1514 interiorum
1181 1465 1282 1513 imo
1312 1466 1528 1529 margine
1548 1466 1832 1525 extenditur,
1864 1468 1911 1513 ὅτ,

75 1527 193 1578 alius
208 1524 397 1594 insuper
418 1528 616 1592 angulus
637 1528 695 1577 ab
716 1543 775 1576 eo
796 1543 896 1576 non
914 1527 1073 1590 longe.

138 1593 199 1643 In
218 1594 369 1642 altero
390 1590 503 1642 sexu
534 1593 616 1642 alae
647 1593 902 1642 exteriores
922 1587 1123 1655 superne
1152 1594 1405 1643 medietate
1433 1594 1672 1643 anteriore
1703 1592 1908 1642 coeruleo

74 1657 236 1706 colore
256 1655 434 1706 fuscum
462 1658 775 1707 interlucente
796 1657 1056 1720 tinguntur.

132 1723 251 1784 Julii
269 1723 432 1771 meniis
452 1725 494 1770 8.
529 1737 603 1771 an.
624 1727 761 1785 1692.
793 1718 929 1784 super
941 1721 1111 1771 urticas
1131 1722 1183 1770 in
1207 1723 1337 1771 coitu
1353 1721 1549 1769 inventa
1571 1719 1652 1769 est.

139 1785 306 1837 Postea
325 1802 455 1836 anno
474 1791 611 1848 1696.
639 1791 686 1836 &
717 1791 858 1848 1697.
892 1787 1156 1837 invenimus
1175 1788 1381 1837 Erucam
1407 1801 1508 1849 quae
1537 1786 1589 1834 in
1607 1785 1905 1848 Papilionem.

75 1850 199 1902 hanc
220 1852 338 1912 abit,
372 1848 534 1901 Asello
552 1851 778 1901 nonnihil
795 1851 999 1899 similem.

198 1981 340 2027 Eruca
356 1991 498 2042 parva
520 1977 703 2041 hirsuta,
733 1976 976 2043 Millepedis
994 1975 1068 2040 fiu
1085 1976 1224 2040 Aftlli
1234 1975 1378 2041 fhrma
1399 1974 1457 2030 ό·
1474 1975 1777 2042 magnitudine.

74 2106 375 2222 BRevibus
395 2107 501 2168 pilis
522 2102 699 2156 hirsuta
714 2098 807 2171 est,
839 2108 1001 2158 colore
1017 2103 1185 2170 furvo3
1218 2120 1381 2163 ventre
1394 2107 1556 2171 plan0‚
1588 2103 1726 2156 dorso
1748 2105 1799 2154 in
1820 2120 1905 2155 an-

201 2171 364 2233 gulum
381 2169 596 2220 obtusum
616 2168 895 2234 affurgente,
926 2167 1088 2222 Asello
1109 2173 1292 2236 vulgari
1306 2169 1448 2234 paulo
1464 2173 1671 2234 longior,
1704 2171 1905 2219 circum-

71 2233 328 2296 scriptione
349 2238 557 2297 corporis
576 2233 674 2284 fere
696 2238 872 2284 eadem.
939 2232 1149 2285 Dorsum
1169 2237 1374 2283 medium
1397 2237 1530 2284 lineae
1552 2239 1667 2295 duae,
1699 2234 1726 2282 ὲ
1747 2234 1904 2282 tuber-

75 2300 191 2349 culis,
223 2296 299 2347 seu
331 2300 582 2364 agminulis
606 2300 813 2362 pilorum
842 2300 1057 2348 brevibus
1086 2302 1347 2363 compofitae
1371 2295 1624 2349 secundum
1645 2300 1904 2361 longitudi-

74 2380 187 2415 nem
208 2377 485 2426 percurrunt
506 2381 519 2413 ι
551 2360 742 2413 inferius
758 2364 977 2425 utrinque
998 2363 1179 2412 lineolae
1200 2367 1333 2413 luteae
1347 2368 1393 2412 8z
1416 2365 1551 2426 pullae
1571 2366 1757 2413 alternae
1773 2359 1900 2412 secus

73 2428 314 2478 tubercula
331 2429 597 2477 decurrunt.
647 2429 811 2491 Caput
830 2430 1079 2476 minimum
1098 2427 1299 2490 nigrum.
1349 2429 1495 2478 Pedes
1510 2429 1764 2479 anteriores
1780 2425 1901 2476 adeo

74 2491 208 2556 parvi
229 2487 351 2552 sunt,
383 2505 435 2540 ut
455 2494 535 2542 vix
554 2491 723 2555 possint
741 2489 954 2542 discerni.
1622 2496 1626 2497 ⁷

140 2556 283 2605 Brevi
299 2552 532 2617 suspendit
549 2555 593 2605 se
610 2558 798 2606 adlatus
815 2558 1047 2620 pyxidulae
1062 2558 1112 2606 in
1132 2572 1224 2618 qua
1242 2572 1344 2605 eam
1363 2556 1641 2616 inclufitnuS,
1672 2556 1753 2604 filo
1767 2555 1896 2602 tenui

74 2631 200 2668 trans
229 2621 436 2667 medium
470 2620 654 2668 dorsum
688 2623 858 2681 ᾶιιᾶο,
904 2626 950 2671 &
983 2636 1181 2683 utraque
1213 2622 1508 2670 extremitate
1542 2621 1709 2685 pyxidi
1740 2619 1894 2666 affixo.

75 2681 185 2731 Post
209 2681 494 2731 menstruum
515 2685 705 2736 circiter
726 2685 894 2749 quietis
926 2688 977 2735 in
1006 2702 1066 2736 eo
1096 2685 1214 2737 statu
1241 2683 1440 2750 spatium
1467 2684 1723 2749 Papilionis
1747 2681 1898 2731 forma

75 2744 279 2810 disrupta
301 2747 438 2797 theca
460 2749 592 2799 exiit.

979 2811 1006 2860 S
1690 2829 1735 2874 9.
1770 2813 1898 2874 Papi„
