2322 3206
541 223 544 226 .
886 120 915 209 (
967 140 1088 209 245
1150 121 1175 210 )

175 233 386 285 Tertiam
404 227 606 290 denique
623 224 842 292 proxime
867 231 1147 290 praecedenti
1164 226 1328 280 exa-dte
1354 231 1567 293 snnilern,
1601 233 1681 282 nifi
1703 232 1829 297 quod
1844 239 1937 289 oris

104 301 375 363 operculum
396 308 496 342 non
516 295 718 356 flavicet,
752 298 798 342 δε
821 309 910 342 tres
931 290 1113 344 tantum
1136 295 1332 344 annulos
1347 297 1494 346 luteos
1511 298 1562 347 in
1575 295 1710 349 dorso
1728 300 1910 353 habeat.

101 425 212 489 Apis
224 422 444 487 sylvestris
467 427 513 471 in
542 424 750 472 arboribus
768 422 1085 489 putrefientibus
1102 424 1306 471 cuniculos
1316 424 1501 490 fodiens,
1532 424 1761 490 ibidemque
1791 428 1928 480 thecas

762 489 1038 550 cylindraceas
1060 489 1285 539 recondens.

167 559 217 604 F.
241 559 307 602 W

198 617 201 625 ¹
250 619 322 666 ΡΙ
352 617 533 679 vulgari
569 616 793 666 mellificae
832 631 931 678 quae
959 618 1011 664 in
1042 618 1298 666 alvearibus
1320 614 1570 668 asservatur
1584 617 1926 683 propemodum

280 682 472 742 aequalis*
487 680 571 740 est,
602 696 681 730 aut
702 677 844 744 paulo
866 680 1072 738 craffior,
1105 680 1266 743 lingua
1287 680 1430 745 longai
1451 686 1661 744 munita3
1694 686 1739 733 δε
1763 680 1926 745 crassa,

99 747 347 795 flavicante
379 743 458 793 seu
480 743 618 793 =fulva
648 746 869 807 lanugine
905 743 1083 793 vestita.
1147 747 1381 795 Antennae
1417 762 1464 795 ut
1492 753 1541 798 in
1573 764 1712 810 apum
1739 761 1927 808 genere.

93 810 198 862 Alae
215 823 426 872 quatuor.
488 809 762 871 Forcipibus
779 806 946 869 craffis,
961 810 1189 868 brevibus,
1209 811 1327 869 latis„
1341 811 1505 873 nigris,
1521 813 1682 859 validis
1702 824 1928 859 armattur
1952 808 1958 813 ’

45 934 47 936 ,
98 874 219 936 Apis
231 872 491 924 domesticae
506 870 771 934 majoribus,
805 874 1104 923 Crabronum
1118 873 1370 940 forcipibus
1390 875 1487 926 fere
1504 876 1730 926 fimilibus.
1780 876 1927 942 Supra

97 937 299 1000 forcipes
314 940 488 1000 lanugo
510 937 623 985 rufa.
692 937 875 985 Aculeo
898 938 1111 987 donatur.

162 1003 348 1051 Thecas
365 1003 686 1065 cylindraceas
702 1000 728 1047 ὲ
743 998 1230 1063 segmentisfoliorum
1246 1001 1539 1054 rosaceorum
1552 1001 1796 1053 artificiose
1811 1019 1928 1051 con-

98 1066 268 1115 volutis
295 1071 342 1116 &t
365 1066 663 1128 agglutinatis
686 1062 936 1113 efformant
954 1067 1022 1113 hae
1041 1069 1167 1129 Apes
1191 1088 1202 1117 :
1234 1068 1441 1130 Anglice
1457 1077 1677 1132 Cartrages
1705 1070 1799 1115 dici
1821 1065 1923 1128 pos-

94 1127 222 1191 sunt,
258 1133 317 1181 ab
339 1133 499 1180 exacsta
521 1130 820 1177 fimilitudine
855 1144 996 1190 quam
1027 1131 1203 1180 habent
1226 1149 1334 1181 cum
1369 1135 1639 1196 papyraceis
1671 1133 1926 1180 involucris

98 1195 290 1256 pulvere
325 1197 467 1259 pyrio
494 1194 681 1256 repletis
711 1209 801 1255 pro
825 1194 1088 1243 bombardis
1109 1194 1374 1257 majoribus.
1435 1199 1605 1261 Figura
1632 1193 1739 1246 sunt
1769 1197 1926 1256 cylin-²

96 1258 282 1321 dracea‚
313 1260 405 1306 bas1
434 1254 784 1307 rotundiuscula
801 1261 847 1305 δε
868 1254 1035 1319 parum
1056 1274 1286 1320 convexa,
1317 1258 1582 1310 summitate
1610 1259 1635 1308 ὲ
1657 1258 1823 1309 contra
1844 1274 1925 1308 ex-

96 1336 278 1382 cavata,
310 1323 463 1384 longae
483 1323 530 1381 -Ξτ,
559 1322 793 1370 diametro
809 1329 852 1380 ir·

164 1386 223 1433 In
257 1387 463 1434 Salicum
491 1386 671 1432 truncis
686 1381 781 1445 jam
807 1384 1027 1433 mollibus
1058 1389 1106 1434 &
1126 1384 1491 1450 putrescentibus
1519 1388 1670 1435 varios
1694 1382 1926 1435 effodiunt

92 1449 338 1498 cuniculos
361 1449 689 1510 cylindraceos
720 1444 884 1496 exacte
903 1449 1099 1511 aequales
1128 1447 1324 1513 capsulis
1360 1448 1449 1500 ‘am
1464 1449 1718 1514 descriptis,
1782 1451 1925 1498 Fora-

92 1514 225 1562 mina
255 1512 411 1562 isthaec
441 1511 520 1560 vel
543 1508 735 1572 sursum,-
768 1512 842 1561 vel
861 1511 1308 1576 deorsum‘tendunt,
1360 1513 1593 1565 ecundum
1618 1511 1927 1578 petitinessci-

89 1577 204 1626 licet
223 1573 299 1626 seu
322 1577 456 1626 fibras
479 1576 619 1637 ligni,
649 1591 893 1638 uunquam
915 1574 1217 1628 transverfim.
1281 1582 1442 1630 Multa
1457 1581 1622 1629 horum
1639 1578 1925 1629 foraminum

90 1656 391 1691 communem
411 1640 586 1690 habent
606 1641 872 1702 introitum,
905 1657 988 1704 per
1018 1658 1158 1703 quem
1180 1645 1298 1705 Apis
1314 1646 1574 1707 ingreditur
1595 1648 1642 1692 δε
1669 1643 1925 1705 egreditur,

93 1702 205 1755 cum
219 1706 463 1756 cuniculos
476 1704 690 1754 dentibus
711 1706 880 1754 erodit.
945 1708 1005 1755 In
1028 1709 1238 1757 cuniculi
1253 1707 1403 1758 fundo
1417 1709 1596 1768 infima,
1620 1708 1719 1764 (vel
1733 1706 1924 1769 quando

93 1771 305 1819 cuniculi
323 1767 496 1819 sursum
522 1770 744 1829 tendunt)
777 1766 990 1831 suprema
1012 1769 1199 1833 capsula
1221 1771 1420 1833 locatur,
1456 1777 1504 1823 δε
1525 1769 1810 1821 εκαᾶὶίῖἰηιὲ
1823 1769 1925 1833 spa-

92 1836 212 1883 tium
229 1835 413 1898 implet,
433 1833 581 1884 fundo
597 1830 674 1881 se'u
691 1849 907 1882 convexa
928 1836 1222 1884 extremitate
1235 1835 1428 1900 capsulae
1448 1836 1596 1886 fundo
1614 1838 1824 1886 cuniculi
1845 1835 1928 1882 ad-

89 1895 290 1962 jacente.
356 1895 508 1961 Hujus
540 1895 784 1959 [capsulae]
807 1895 1060 1948 summitati
1072 1913 1290 1949 concavae
1304 1902 1489 1950 alterius
1508 1916 1742 1950 convexus
1755 1900 1920 1950 fundus

93 1961 220 2012 ariste
236 1965 515 2026 applicatur,
541 1966 588 2010 δε
613 1963 673 2009 fic
695 1963 932 2023 deinceps,
957 1960 1024 2009 ita
1040 1976 1096 2010 ut-
1115 1979 1163 2023 5,
1181 1968 1229 2023 6,
1247 1963 1320 2012 vel
1337 1981 1388 2024 7,
1415 1967 1468 2012 in
1491 1980 1588 2012 uno
1610 1967 1831 2015 cuniculo
1848 1965 1924 2010 in-

4 2052 15 2062 ·
90 2028 343 2077 veniantur
357 2024 569 2089 capsulae,
597 2026 695 2072 aliae
710 2025 809 2072 aliis
825 2021 1192 2087 superimpofitae.
1251 2025 1465 2092 Capsulae
1485 2029 1739 2092 implentur
1754 2024 1924 2085 craflb,

91 2092 302 2152 rubenti,
334 2093 474 2139 acido
498 2092 545 2138 δε
567 2090 890 2150 grave-olente
923 2089 1125 2150 liquore,
1157 2086 1316 2152 syrupi
1348 2093 1549 2141 violacei
1579 2107 1657 2141 aut
1690 2090 1919 2141 conservae

12 2156 16 2159 ’
91 2153 301 2207 rosarum
320 2157 565 2204 rubrarum
579 2150 676 2200 fere
692 2152 869 2212 colore,
905 2154 983 2200 cui
1006 2155 1188 2207 innatat
1202 2156 1412 2217 nympha
1424 2157 1482 2204 ab
1490 2172 1589 2210 *ovo
1611 2159 1735 2218 quod
1751 2160 1826 2206 ibi
1842 2158 1922 2204 de-

93 2220 232 2284 ponit
244 2219 360 2282 Apis
380 2226 502 2279 orta,
523 2214 781 2279 quaerusque
797 2219 858 2265 ad
880 2220 1190 2268 mutationem
1202 2219 1381 2281 liquore
1397 2221 1482 2269 illo
1498 2219 1711 2276 vescitur,
1730 2218 1920 2284 jamque

86 2298 325 2346 mutatura
343 2284 482 2345 theca
501 2279 548 2331 se
564 2282 776 2330 includit.
841 2281 1076 2344 Nymphae
1087 2285 1187 2336 «istas
1206 2286 1353 2342 unciae
1368 2286 1520 2348 longae
1535 2284 1656 2348 sunt,-
1674 2282 1917 2348 plusquam

94 2356 221 2405 {tam
241 2350 380 2408 latae,
417 2343 622 2408 rugosae,
653 2346 815 2394 colore
842 2347 982 2406 albo,
1014 2345 1268 2409 forcipibus
1290 2350 1658 2411 nigricantibuS,
1689 2351 1920 2414 capitibus

86 2411 192 2462 ser&
215 2411 582 2462 cruciformibus.
644 2409 820 2458 Infimae
834 2425 942 2472 apes
957 2407 1137 2474 semper
1166 2410 1368 2462 seniores
1388 2411 1492 2462 sunt
1517 2418 1563 2464 &
1582 2412 1776 2478 majores
1797 2438 1813 2478 ,-
1846 2414 1921 2462 fo·-

95 2479 267 2526 ramini
288 2474 366 2526 seu
387 2477 535 2526 exitui
554 2476 780 2538 proximae
810 2476 1012 2524 minores
1031 2479 1076 2524 δε
1097 2472 1318 2539 junioreS,
1346 2475 1424 2527 sed
1446 2494 1609 2529 omnes
1630 2480 1757 2528 simul
1776 2477 1918 2528 effor-

87 2554 300 2602 mantur,
332 2545 380 2590 δε
401 2542 529 2591 calor
545 2541 697 2588 irritat
718 2539 776 2587 ad
797 2540 974 2588 exitum
1001 2537 1222 2591 foramini
1253 2545 1503 2604 proximas.
1526 2588 1527 2591 ,
1568 2545 1658 2593 Per
1679 2546 1916 2605 integrum

90 2602 194 2654 sere
220 2620 396 2653 annum
413 2608 469 2654 in
489 2601 682 2667 capsulis
704 2603 866 2652 latent.
956 2652 962 2658 ,
1167 2633 1170 2635 -
1197 2632 1200 2636 -
1717 2644 1719 2647 .

85 2717 89 2721 ,
159 2669 289 2717 Inter
307 2667 536 2718 foramina
557 2669 717 2729 Apum
737 2666 1047 2716 murariorum
1078 2669 1341 2718 invenimus
1356 2671 1808 2737 thecascylindricas
1828 2673 1918 2719 mi-

95 2743 252 2792 nores,
301 2731 451 2794 figura
480 2730 643 2781 exasit}
679 2732 840 2780 ssmiles
871 2729 1139 2794 supradictis
1173 2734 1386 2797 capsulis,
1433 2735 1510 2786 sed
1542 2740 1915 2785 membranaceas

93 2794 234 2846 nullis
263 2793 489 2849 soliorum
519 2794 768 2861 segmentis
791 2797 963 2858 testas,
994 2796 1218 2851 inferiore
1240 2815 1370 2865 parte
1392 2816 1650 2863 convexas,
1679 2798 1926 2861 superiore

1752 2878 1925 2912 conca-
