2322 3206
863 106 1147 196 (369)

88 212 257 268 ‘saturi
275 211 418 279 'quim
438 207 653 263 dorsalesl
715 211 926 277 Spatium
962 216 1164 265 maculas
1198 212 1335 267 hasce
1358 215 1666 285 interjacens]
1699 228 1748 275 δε
1782 222 1908 277 imus

84 293 252 331 venter
270 280 467 328 flavicat.
531 276 692 341 Caput
710 278 881 339 rufum,
908 287 1169 330 extremum
1189 280 1389 330 rostrum
1409 285 1606 334 flavicat.

153 345 299 393 Circa
314 343 455 391 finem
470 341 595 390 Maii
614 344 774 392 menfis
786 341 978 391 inventa
999 342 1083 403 est,
1119 347 1166 392 ὅτ
1185 343 1309 394 foliis
1328 349 1514 409 quernis
1533 351 1727 398 victitat.

151 407 277 455 Vere
297 403 508 466 sequenti
526 406 747 454 Phalaenae
767 404 916 455 formal
936 408 1128 469 prodiit,
1159 423 1360 470 corpore
1375 412 1659 472 nigricante,
1693 413 1775 460 alis
1793 427 1898 461 cur-

88 470 146 517 tis
166 473 214 518 δε
235 471 359 529 quast
378 469 644 528 dimidiatiS,
679 467 872 520 obscure
890 472 1103 530 cinereis,
1135 486 1242 519 cum
1260 488 1364 522 area
1382 475 1473 521 lata
1488 472 1738 524 transversa
1754 475 1921 538 nigri-⁴

87 545 225 581 eante
241 528 386 594 paulo
401 530 520 581 infra
533 534 735 582 mediam
754 545 947 597 partem.
1011 534 1142 595 Alas,
1174 547 1224 583 ut
1239 550 1372 598 puto,
1392 553 1492 586 non
1509 539 1749 602 explicuit.

169 671 212 714 8.
246 673 384 715 Eruca
407 673 543 716 Geom.
564 644 799 731 bipesfiasba
812 668 886 729 fiu
899 665 1065 728 sordide
1080 650 1244 731 livida3
1278 671 1495 720 tuberculis
1512 678 1646 737 m'gris
1656 673 1819 735 scabra.

194 785 495 847 Ongitudine
515 785 582 833 est
606 786 779 835 unciali
797 798 875 844 aut
895 783 1104 849 majore:
1136 786 1428 840 craffitudine
1456 791 1598 841 culmi
1625 795 1798 842 triticei
1813 794 1901 843 mi—

225 864 341 897 nore
359 866 371 897 ε
405 850 585 910 Colore
604 846 787 898 sordide
804 847 1121 899 cinerascente
1137 867 1217 901 aut
1234 854 1469 913 pulvereo.
1534 858 1800 905 Tubercula
1815 858 1902 904 ali-

81 924 198 970 quot
227 913 385 976 nigra,
418 911 444 959 ὲ
464 912 669 974 pilorum
701 911 777 970 (ut
798 912 938 974 puto)
969 911 1195 969 fasciculis
1219 918 1472 979 compofita
1492 919 1544 965 in
1561 917 1697 966 dorso
1718 921 1895 967 extant*

81 975 244 1036 Caput
265 991 352 1037 pro
369 974 572 1024 bestiolae
587 975 912 1035 magnitudine
933 973 1036 1024 satis
1064 979 1283 1039 amplum.
1349 981 1409 1027 In
1436 983 1588 1029 media
1616 981 1733 1031 facie
1752 998 1896 1044 appa-

77 1050 150 1085 ret
172 1037 348 1101 lineola
365 1034 617 1088 'transversa
634 1052 693 1083 ex
711 1038 819 1085 albo
841 1039 1075 1102 flavicans,
1107 1045 1154 1088 δε
1173 1040 1298 1103 ponc
1327 1056 1467 1103 caput
1504 1044 1679 1095 lineola
1704 1060 1766 1092 an
1802 1045 1897 1092 usta

76 1095 281 1160 eJ‘usdem
300 1100 470 1148 coloris
491 1101 616 1147 velut
627 1115 714 1160 pro
736 1113 919 1162 torque.
950 1109 953 1113 ‘
982 1103 1042 1168 In
1062 1104 1220 1151 medio
1235 1105 1378 1152 etiam
1403 1102 1540 1153 dorso
1558 1107 1608 1154 in
1634 1103 1773 1156 secun
1807 1124 1835 1155 o
1849 1112 1897 1156 δε

76 1163 219 1210 tertio
240 1161 344 1224 post
361 1164 586 1222 primores
605 1164 741 1223 pedes
754 1165 951 1226 annu10,
962 1165 1125 1230 &siguli
1142 1167 1236 1214 duo
1250 1183 1311 1216 ex
1322 1164 1546 1228 ejusmodi
1569 1171 1752 1219 lineolis
1769 1187 1899 1219 com-

74 1226 402 1288 pofiti,vertice
419 1240 559 1287 caput
579 1223 1154 1289 respiciente,cernuntur:
1186 1231 1285 1278 imo
1307 1231 1464 1279 hocin
1481 1232 1589 1280 loco
1610 1235 1705 1281 duo
1729 1239 1900 1296 corpo-

73 1289 138 1337 ris
159 1289 324 1338 annuli
343 1289 470 1337 velut
483 1290 709 1351 trianguli
722 1291 957 1351 videntur,
988 1304 1130 1351 atque
1144 1293 1285 1340 etiam
1299 1294 1413 1340 alius
1429 1292 1638 1343 inferior.
1681 1297 1899 1359 ·Appen’-

77 1351 204 1400 dices
229 1352 382 1399 caudae
404 1353 507 1399 latae
530 1356 578 1399 δι
609 1353 773 1412 amplae
789 1349 909 1415 sunt,
940 1369 1054 1415 quas
1075 1356 1286 1404 extendit
1315 1360 1363 1404 ὅτ,
1383 1358 1621 1406 contrabit
1643 1374 1729 1420 pro
1748 1361 1897 1408 libitu*-

73 1414 213 1462 Folia
231 1415 406 1476 pariter
427 1429 607 1475 querna
627 1415 832 1463 devorat.

141 1478 272 1526 Maii
288 1478 450 1525 mensis
465 1477 558 1525 fine
577 1477 772 1526 in'v'enta
794 1476 873 1526 est.
1103 1538 1107 1543 ⁵

139 1538 480 1602 E'Chryfalide
502 1538 604 1589 rufa
627 1540 679 1589 in
703 1555 845 1603 quam
860 1537 1184 1592 transformata
1199 1541 1265 1593 est
1286 1544 1568 1594 Novembris
1597 1547 1754 1596 medio
1784 1546 1900 1596 exiit

75 1601 229 1652 forma
249 1604 543 1667 Hexapodis,
571 1603 710 1652 nullis
724 1605 807 1652 alis
818 1605 1036 1667 praeditae,
1066 1619 1115 1654 at
1132 1622 1288 1669 neque
1321 1608 1572 1669 (quantum
1588 1612 1778 1671 quidem
1804 1624 1897 1672 ego

76 1664 342 1716 discernere
371 1668 542 1730 potui)
574 1664 770 1726 hirsutae,
805 1667 881 1716 sed
903 1665 1087 1730 penitus
1119 1670 1308 1732 glabrae‚
1340 1672 1636 1734 longitudine
1652 1673 1900 1732 mediocri,

76 1731 239 1779 colore
260 1728 288 1778 ὲ
312 1730 604 1779 viridi-luteo
626 1730 884 1792 albicante,
917 1732 1106 1780 maculis
1126 1734 1272 1795 nigris
1307 1735 1512 1796 undique
1531 1732 1708 1798 asperia
1726 1733 1805 1785 seu
1819 1752 1900 1784 va-

75 1795 164 1853 ria,
196 1794 371 1842 duobus
391 1795 450 1842 ad
468 1792 756 1855 scapularum
770 1794 928 1842 locum
948 1796 1290 1857 infignioribus,
1321 1801 1367 1844 δε
1384 1793 1586 1858 superius
1596 1797 1746 1848 versus
1757 1813 1899 1863 eaput

73 1857 249 1905 duobus
271 1853 630 1918 majusculorum
652 1857 850 1918 paribus.
913 1857 1147 1906 Antennae
1163 1859 1315 1922 longae
1332 1858 1358 1906 ὲ
1380 1859 1485 1908 rufo
1503 1863 1753 1922 nigricant-

137 1920 297 1968 Aliam
325 1918 457 1983 hujus
486 1919 670 1982 generis
686 1921 891 1973 Erucam
909 1920 1055 1969 Anno
1073 1926 1210 1983 1693.
1229 1924 1389 1970 naetus
1409 1920 1525 1983 sum,
1557 1941 1659 1987 quae
1678 1927 1728 1974 in
1747 1923 1893 1987 majoss

72 1999 171 2031 rem
193 1985 366 2030 molem
386 1984 609 2030 excrevit.

132 2047 291 2094 Aliam
313 2043 498 2108 insuper
518 2046 664 2094 Anno
682 2050 815 2105 1694.
848 2061 947 2107 quae
960 2046 1009 2092 in
1027 2046 1266 2095 Aureliam
1287 2060 1482 2110 mutata,
1511 2045 1735 2108 ejusmodi
1752 2050 1896 2099 hexa-

71 2109 244 2171 podem
269 2111 452 2171 peperit
465 2146 482 2168 ,
514 2123 613 2170 quae
639 2109 770 2158 brevi
791 2123 880 2156 ova
897 2108 1139 2159 numerosa
1158 2107 1311 2172 posuit
1324 2149 1342 2174 ,
1373 2113 1497 2163 unde
1517 2127 1621 2163 eam
1651 2112 1890 2163 foeminam

74 2170 165 2221 effe
188 2173 394 2234 cognovi
416 2190 428 2220 ι
459 2186 552 2219 mas
571 2169 756 2220 fortafl'e
778 2172 919 2221 alatus
943 2172 1022 2223 est.

74 2318 119 2360 9.
154 2304 291 2346 Eruca
314 2306 449 2348 Geom.
470 2314 628 2360 parva,
654 2298 808 2361 pallide}
846 2297 918 2359 [ἐκ
952 2317 1000 2346 ex
1029 2300 1149 2363 flavo
1184 2300 1406 2363 virescens,
1442 2302 1598 2350 lineolis
1618 2305 1892 2357 albicantibus

139 2376 230 2410 tum
248 2361 473 2423 fiecundlaem
493 2363 790 2426 longitudinem
814 2375 902 2411 rum
926 2363 1178 2427 transverfis.
1247 2371 1350 2412 Haec
1370 2371 1650 2415 Pomariorum
1669 2369 1769 2432 pest·
1805 2399 1810 2403 .
1842 2382 1844 2384 v
1874 2405 1891 2429 ἒ

140 2424 197 2476 &⁴
220 2427 411 2474 coloribus
430 2428 584 2474 miram
601 2431 764 2474 variat.

142 2555 144 2559 ’
187 2554 309 2601 Ineae
327 2551 575 2604 secundum
599 2555 943 2616 longitudinem
959 2571 990 2616 4
1011 2554 1260 2604 albicantes
1282 2555 1526 2617 parallelae‚
1559 2557 1654 2604 duae
1666 2558 1715 2604 in
1730 2557 1892 2605 medii>-

76 2554 185 2674 L
219 2617 452 2676 lateribus,
489 2620 585 2666 duae
613 2618 665 2665 in
689 2619 800 2665 imis
818 2615 951 2680 supra
982 2618 1130 2680 pedes.
1194 2619 1398 2667 Lineolae
1420 2603 1678 2668 transversae
1699 2617 1889 2668 suntin*

74 2678 279 2727 terstitiis
299 2677 594 2730 annulorum?
657 2681 702 2729 A
741 2694 871 2742 paret
892 2682 1032 2728 etiam
1056 2682 1104 2728 in
1134 2681 1372 2731 nonnullis
1394 2683 1517 2730 linea
1536 2683 1561 2730 ὲ
1578 2684 1713 2731 viridi
1742 2682 1865 2744 nigri
1886 2707 1889 2709 -

73 2756 182 2792 cans
197 2743 247 2793 in
264 2739 445 2807 summo
467 2742 617 2795 dorso.
725 2746 939 2805 arpinum
946 2740 1211 2858 ἒεξῖΐοίωι·
1236 2748 1284 2801 in
1307 2741 1435 2804 cujus
1460 2744 1581 2795 foliis.
1604 2762 1707 2797 eam
1729 2747 1889 2858 inveni

953 2853 956 2855 ,
1800 2833 1811 2859 ,-
1843 2826 1886 2856 zz-
