2322 3206
1184 80 1222 166 (
1278 105 1300 145 ¹
1318 104 1400 169 30
1450 77 1496 186 >j

440 278 481 322 9.
516 254 678 319 Papilio
708 252 726 300 ὲ
751 248 905 299 mediis
941 242 1193 306 minuscula,
1239 244 1321 292 alis
1342 245 1482 303 latis‚-
1505 242 2050 306 emeritas-versicoloribus&
2070 248 2188 311 nigro
2211 245 2274 301 ὸ·

507 320 686 379 caeruleo,
715 322 795 365 imo
827 316 1014 374 margine
1049 313 1165 369 nigro
1199 328 1292 356 cum
1305 310 1479 373 fimbria
1496 307 1593 355 alba
1615 313 1775 356 cinctis.
1840 314 1942 377 Pap.
1963 315 2096 359 minor
2113 315 2276 363 caerule·

493 387 629 450 scens,
656 378 800 446 subtus
817 378 1016 440 striatas,
1052 370 1180 426 Mus.
1193 376 1292 423 Pet.
1313 391 1418 439 319.

513 512 734 561 Nferiore
766 504 1010 567 superficie
1042 504 1124 552 alae
1158 504 1216 551 ad
1238 504 1332 559 {ias
1359 504 1418 554 ab
1449 514 1618 551 exortu
1643 497 1965 563 cinerascunt‚
2001 516 2082 552 aut
2103 506 2277 557 coloris

544 571 836 624 innominati
858 567 982 628 sunt,
1015 569 1258 618 albicantis
1286 566 1347 619 sc.
1385 571 1443 618 ad
1469 568 1720 616 'cinereum
1732 569 1968 629 vergentis
1996 585 2104 617 cum
2127 571 2275 620 diluta

441 642 567 689 rubri
591 641 823 696 tinetura,
877 634 957 682 ubi
991 633 1117 682 linea
1146 631 1403 682 transversa
1424 632 1649 682 undulata
1673 634 1777 682 alba
1801 648 1874 680 eas
1899 633 2080 681 dividit.
2145 634 2276 685 Infra

437 706 613 754 lineam
638 702 808 751 coloris
824 695 1029 762 ejusdem
1049 695 1173 760 sunt,
1204 696 1282 748 sed
1299 699 1549 749 dilutioris:
1611 698 1977 752 Alaeinteriores
2003 699 2179 747 lineola
2207 714 2276 749 te-

441 772 524 818 nui
544 770 647 817 alba
671 768 766 815 ima
785 767 917 827 parte
934 764 1247 812 terminantur
1258 801 1277 826 ‚
1310 765 1389 813 cui
1401 778 1562 829 prope
1583 764 1809 826 angulum
1823 763 2106 812 interiorem
2120 765 2277 813 conti-

441 848 534 896 gua
557 832 622 882 est
644 832 735 880 alia
752 831 904 893 nigra.
970 830 1049 878 Ad
1068 825 1218 892 ipsum
1231 830 1455 896 angulum
1479 829 1560 878 ubi
1582 824 1895 877 terminantur
1906 828 2059 888 lineae,
2092 830 2275 879 macula

439 899 638 962 duplex,
687 892 902 959 superior
935 894 1104 953 rubra,
1156 892 1355 944 inferior
1382 896 1530 958 nigra.
1596 891 1801 943 Interius
1831 888 1973 957 paulo
1995 894 2054 941 ad
2081 894 2277 956 lineam,

398 985 401 988 ⁴
438 964 632 1026 quidam
655 963 779 1009 velut
802 958 978 1008 ocellus
1000 956 1026 1005 ἐ
1045 959 1224 1008 circulo
1244 960 1385 1008 rubro
1399 975 1489 1024 pro
1511 959 1646 1018 iride,
1677 961 1725 1007 δε
1738 960 1916 1022 puncto
1934 959 2074 1020 nigro
2091 974 2179 1021 pro
2189 974 2278 1022 pu-

439 1030 554 1092 pilla
577 1026 869 1088 compofitus.
929 1024 1117 1087 Margo.
1136 1021 1326 1088 insuper
1351 1026 1432 1074 alae
1460 1040 1611 1088 prope
1633 1026 1862 1086 angulum
1876 1023 2157 1073 interiorem
2181 1025 2275 1074 duo

440 1096 618 1159 puncta
640 1090 850 1139 extantia
863 1088 1027 1136 exerit.
1487 1127 1492 1131 .
1829 1127 1831 1130 ,
1896 1131 1899 1133 ,
2158 1112 2161 1115 ,

503 1159 652 1217 Circa
674 1155 816 1204 finem
832 1153 967 1214 Junii
999 1165 1078 1199 aut
1099 1149 1218 1213 Julii
1251 1152 1442 1202 initium
1464 1153 1730 1203 excluditur
1768 1147 1795 1198 ὲ
1824 1147 2099 1216 chrysalidis
2133 1152 2280 1202 larva.

436 1225 487 1275 A
503 1221 789 1285 praecedente
812 1232 975 1266 revera
996 1213 1154 1278 specie
1176 1215 1354 1264 diversa
1372 1218 1455 1278 est,
1489 1217 1699 1280 quamvis
1712 1217 1756 1265 ei
1773 1216 1944 1264 smilis,—

500 1290 656 1338 Eruca
684 1283 983 1347 praecedanea
1010 1281 1068 1328 ad
1089 1280 1366 1343 Millepedis
1383 1280 1460 1330 seu
1479 1281 1629 1333 Aselli
1659 1282 1859 1345 figuram
1880 1281 2082 1343 accedit,
2115 1279 2277 1346 estque

437 1350 602 1415 pilosa,
634 1351 798 1397 colore
816 1345 945 1407 rufo,
973 1340 1172 1406 quercus
1192 1344 1306 1393 folia
1322 1344 1599 1408 depascens.'
1651 1346 1935 1396 Eminentiae
1956 1347 2207 1408 angulares
2221 1348 2276 1395 in

436 1414 573 1466 dorso
590 1416 641 1463 in
660 1428 808 1461 unum
830 1410 1544 1474 propemodum-conveniebant
1553 1449 1570 1473 ‚
1600 1412 1734 1459 nullo
1754 1408 1854 1458 fere
1873 1409 2042 1458 relicto
2063 1409 2275 1481 intersti·

435 1484 524 1542 tio,
556 1480 675 1530 utin
694 1478 997 1542 praecedente.
1063 1473 1230 1523 Cauda
1253 1489 1444 1537 quoque
1466 1477 1608 1525 latior
1629 1473 1697 1524 cst
1718 1478 1765 1522 δε
1786 1474 2075 1537 productior.
2117 1504 2123 1509 ι
2149 1497 2152 1500 ·

439 1626 512 1658 10,
546 1606 706 1670 Papilio
727 1610 881 1665 minor,
911 1603 993 1651 alis
1012 1601 1281 1652 exterioribus
1305 1604 1629 1668 nigricantibus,
1661 1603 1830 1651 maculd
1850 1606 1906 1650 in
1927 1602 2060 1650 medio
2084 1603 2177 1654 lata*
2203 1624 2276 1654 ar-

500 1675 627 1719 cuata*
637 1672 794 1736 fulvd.
861 1670 1023 1733 Papilio
1044 1674 1177 1717 minor
1189 1667 1331 1732 fuscus
1352 1686 1490 1734 campo
1506 1688 1645 1732 aureo,
1672 1669 1784 1717 linea
1798 1672 1972 1732 gemina
1985 1666 2277 1730 fitbtusrorna-

499 1752 586 1798 tus,
614 1739 716 1786 Pet.
735 1737 859 1785 Gaz.
895 1734 1094 1782 Tab.11.
1129 1735 1223 1795 Fig.
1246 1751 1321 1782 11.
1760 1753 1761 1756 ’

583 1865 685 1914 LAE
703 1866 949 1913 interiores
969 1861 1080 1910 duas
1099 1858 1247 1910 tresve
1264 1861 1466 1910 maculas
1484 1861 1703 1910 obtinent
1719 1861 1777 1909 ad
1793 1860 2014 1910 intimum
2029 1861 2276 1923 angulum,

620 1930 699 1978 ubi
734 1944 822 1976 tres
856 1928 1087 1990 habentur
1108 1924 1339 1989 processus
1360 1925 1672 1988 styliformes‚
1705 1925 1863 1974 medio
1897 1927 2092 1987 reliquis
2122 1927 2274 1975 multo

433 1991 654 2053 longiore
678 2011 688 2042 :
721 1992 877 2042 ultimi
897 1991 1077 2039 alarum
1093 1992 1330 2055 margines
1346 1989 1568 2039 albicant.
1630 1991 1795 2038 Pronae
1807 1992 1966 2038 earu'm
1983 1991 2126 2053 partis
2142 1991 2275 2039 color
2312 2042 2315 2043 γ

436 2052 590 2105 versus
627 2074 796 2122 corpus
818 2058 1052 2106 olivaceus
1083 2069 1162 2103 aut
1198 2056 1447 2103 flavicans:
1484 2056 1536 2103 in
1565 2055 1875 2103 exterioribus
1907 2055 2040 2104 linea'
2065 2055 2124 2102 ad
2150 2056 2273 2104 alam

431 2117 690 2171 transversa
725 2124 893 2185 nigra,
925 2122 1003 2169 cui
1025 2117 1232 2169 succedit
1258 2116 1460 2184 spatium
1488 2121 1775 2181 triangulare
1805 2118 2010 2180 fulvum,
2041 2133 2274 2169 mucrone

433 2199 600 2248 corpus
628 2185 882 2249 specstante,
915 2186 992 2234 cui
1018 2179 1220 2234 exterius
1240 2185 1322 2231 alae
1354 2185 1471 2233 latus
1493 2200 1580 2248 pro
1602 2183 1692 2232 bafi
1726 2181 1806 2232 est.
1870 2184 2188 2247 Triangulum
2214 2185 2273 2234 li-

436 2263 523 2297 nea
547 2253 651 2299 alba
671 2253 729 2300 ad
752 2252 898 2300 basim
912 2246 1171 2299 transversa
1193 2250 1434 2308 terminat,
1466 2250 1561 2297 ima
1588 2264 1694 2310 pars
1712 2249 1799 2297 al·ae
1813 2246 1954 2297 fulva.
2019 2249 2132 2298 Alas
2148 2250 2272 2297 inte·

432 2313 576 2383 riores
595 2316 771 2379 duplex
793 2317 919 2365 linea
934 2315 1043 2363 alba
1061 2310 1316 2363 transversa
1339 2314 1531 2374 dividit,
1562 2328 1675 2376 quas
1690 2310 1893 2377 spatium
1912 2312 2094 2363 fulvum
2123 2314 2272 2363 inter-

424 2391 569 2441 jacet,
599 2377 811 2443 superior
833 2381 958 2429 linea
981 2395 1082 2428 non
1105 2380 1225 2427 ultra
1242 2379 1444 2427 mediam
1463 2380 1587 2427 alam
1610 2379 1896 2434 extenditur.

492 2441 656 2518 Multo
679 2447 783 2507 plus
802 2446 910 2494 flavi
932 2447 980 2494 δε
1004 2444 1164 2494 crocei
1179 2444 1231 2491 in
1251 2441 1405 2492 aversa
1421 2443 1503 2492 alae
1522 2457 1655 2507 parte
1672 2444 1724 2491 in
1743 2458 1872 2492 mare
1886 2438 2028 2506 quarn
2050 2443 2102 2492 in
2118 2440 2272 2493 foemi-

424 2520 487 2553 na
502 2521 729 2557 cernitur.
1949 2546 1954 2550 -

486 2569 641 2634 Hujus
663 2575 810 2621 etiam
831 2573 914 2621 alae
934 2567 1099 2634 supina
1115 2571 1237 2622 facie
1247 2586 1346 2622 tota
1367 2572 1607 2636 nigricant
1628 2582 1641 2615 τ
1673 2571 1792 2622 Haec
1806 2572 1873 2622 D.
1891 2574 2066 2620 Petiver
2084 2573 2271 2635 Papilio

422 2635 581 2746 grinor
630 2635 783 2688 fuscus
823 2637 1002 2699 duplici
1033 2637 1160 2689 linea
1195 2636 1381 2691 inferne
1419 2638 1660 2713 praediecus
1690 2639 1888 2701 dicitur,
1915 2643 2035 2688 Gaz.
2051 2638 2175 2686 Tab.
2192 2653 2267 2687 11.

452 2714 525 2762 lg„>
544 2718 565 2749 1
578 2717 625 2752 o,
1283 2722 1286 2724 ’

2031 2847 2051 2879 1
2068 2846 2113 2879 1,
2141 2830 2268 2890 Papi·
