2322 3206
859 25 1108 117 (63)

86 137 261 188 radices
276 115 452 187 alarum
464 131 740 183 inferiorum
751 136 872 183 flavo
889 132 1149 196 tinguntur.
1213 135 1400 200 Quibus
1418 147 1577 188 tamen
1594 153 1693 190 non
1721 143 1909 196 obstans

85 203 206 252 tibus
224 196 429 263 fiispicor
452 213 555 248 eam
575 196 850 262 asuperiore
871 212 970 248 non
987 197 1194 262 differre,
1223 201 1380 266 inquit
1395 203 1460 252 D.
1478 204 1729 270 Wllughby.

141 399 180 440 F
204 394 268 440 W
441 337 614 399 Locusta
630 336 838 401 Africana
861 341 1070 398 maxima,
1099 355 1133 401 4
1143 336 1233 402 sere
1254 342 1396 387 uncias
1416 338 1553 404 longa.

191 452 332 504 Rass‘a
354 453 446 516 est,
479 459 526 504 δε
559 458 883 518 magnitudine
904 459 1055 520 digito
1076 459 1296 520 aequalis‚
1321 460 1480 510 colore
1498 460 1671 512 viridi:
1708 462 1802 513 Sub
1823 476 1906 511 cu-

221 521 347 569 cullo
365 521 540 568 alarum
562 522 824 571 rudimenta
840 522 974 572 valde
991 523 1178 586 exigua.⁴
1237 521 1446 573 Dorsum
1463 541 1521 573 ex
1540 528 1722 575 annulis
1742 528 1912 575 decemv

81 582 277 635 constat.
341 585 432 633 Sub
466 586 613 634 cauda
642 587 736 636 duo
762 600 988 650 tanquam
1014 585 1215 651 forcipes
1245 603 1518 651 cernuntur,
1547 592 1725 652 validae,
1756 592 1906 652 luteae,

471 639 482 651 D

81 649 299 699 extremis
314 648 669 712 nigricantibus.

844 787 923 838 De
959 784 1133 854 Gryllo.

534 915 694 978 Gryllus
720 913 957 976 domesticus
978 910 1227 975 Mouffeti,
1258 931 1304 979 p.
1326 933 1431 981 135.

135 966 327 1030 Mouffet.
358 971 482 1018 E‘W.
620 1011 624 1014 Δ

244 1033 335 1083 Ari
365 1044 517 1082 totum
537 1032 633 1083 fere
662 1049 830 1098 corpus
859 1031 987 1083 fusco
1009 1035 1170 1084 colore
1196 1033 1264 1084 est
1295 1037 1540 1089 imbutum.
1599 1036 1809 1089 Dorsum
1840 1054 1905 1088 ex:

276 1094 404 1146 fusco
421 1098 600 1146 varium
622 1100 771 1162 magis
793 1099 1014 1164 nigricat.
1077 1096 1233 1159 [Inter
1254 1101 1415 1150 oculos
1437 1118 1544 1151 area
1560 1104 1713 1165 nigra,
1748 1108 1795 1152 &
1815 1120 1900 1166 per

72 1157 262 1211 dorsum
291 1163 433 1209 etiam
464 1176 573 1209 area
609 1162 794 1223 reliquo
817 1177 1018 1223 corpore
1044 1164 1228 1223 nigrior
1257 1165 1458 1225 ducitur,
1493 1168 1603 1214 alias
1623 1181 1683 1215 ex
1702 1165 1817 1215 fusci
1849 1171 1897 1215 δε

71 1225 330 1288 rufo-nigri
348 1227 553 1272 mixtura
565 1226 716 1272 varius
739 1222 889 1298 effi]N
910 1227 1071 1286 Caput
1088 1226 1134 1272 ei
1154 1226 1416 1276 orbiculare
1438 1227 1557 1290 fere,
1588 1230 1736 1278 oculis
1752 1232 1900 1294 nigris

69 1289 324 1354 praeditum.
387 1289 622 1337 Antennae
641 1289 812 1350 longae,
842 1303 1003 1350 mgrae,
1034 1289 1086 1335 in
1105 1304 1295 1352 omnem
1312 1304 1493 1352 partem
1510 1294 1718 1342 mobiles.
1756 1295 1900 1355 Juxta

69 1355 329 1404 mediorum
351 1353 529 1414 pedum
556 1365 772 1400 exortum
796 1351 894 1400 duae
914 1352 1046 1400 lineae
1071 1349 1350 1414 transversae,
1381 1357 1499 1406 nivis
1527 1356 1671 1406 instar
1691 1359 1902 1406 albican-

69 1433 162 1477 tes,
194 1414 381 1464 dorsum
404 1417 647 1463 adornant.
713 1412 886 1478 [Juxta
907 1416 1127 1478 podicem
1147 1418 1367 1480 utrinque
1389 1419 1585 1483 longum
1608 1436 1753 1470 cornu
1768 1460 1781 1482 ,
1816 1437 1899 1484 pa-

65 1478 174 1531 rum
194 1475 436 1538 hirsutum,
471 1482 517 1526 δε
540 1479 598 1527 ab
621 1474 723 1541 ipso
749 1480 921 1542 podice
940 1497 975 1542 4
992 1477 1182 1528 officula
1208 1482 1259 1530 in
1288 1498 1387 1530 non
1410 1485 1543 1532 alatis
1564 1482 1895 1547 longiuscula]

68 1543 298 1605 Mouffetus
322 1544 517 1592 caudam
550 1541 826 1591 bifurcatam
855 1545 975 1591 mari
1003 1544 1229 1592 attribuit.
1295 1547 1471 1596 Caudae
1501 1550 1766 1597 extremitas
1792 1550 1900 1606 (in-

67 1611 195 1671 quit)
227 1608 279 1655 in
307 1623 326 1668 3
349 1622 536 1668 quoque
558 1608 645 1655 five
659 1604 793 1667 setas,
814 1609 903 1655 five
926 1605 1076 1670 spinas
1094 1610 1256 1668 mavis,
1268 1610 1504 1661 dividitur.
1538 1614 1716 1663 Volant
1729 1612 1896 1661 utrius-

66 1689 160 1735 que
177 1668 307 1720 sextis
323 1668 426 1718 satis
443 1671 658 1719 celeriter
680 1672 839 1719 volatu
857 1669 1039 1720 undoso
1061 1671 1191 1732 (Pici
1205 1674 1376 1723 Martii
1398 1675 1565 1736 instar)
1589 1692 1717 1726 nunc
1732 1674 1893 1726 ascen·
1972 1696 1981 1703 ·

64 1737 219 1786 dendo
255 1735 337 1782 alis
369 1735 599 1793 dilatatis,
632 1750 759 1783 nunc
781 1735 1072 1798 complicatis
1102 1736 1298 1785 viciffim
1326 1736 1680 1789 descendendo:
1713 1741 1893 1789 Saltant

63 1803 204 1850 etiam
222 1802 268 1847 δε
286 1798 501 1846 celeriter
521 1795 626 1845 satis
644 1813 853 1847 currunt.
920 1800 1192 1848 Celerrimo
1208 1802 1387 1849 alarum
1401 1805 1459 1852 ad
1474 1801 1520 1853 se
1531 1817 1696 1852 mutuo
1706 1802 1899 1853 affridtu..

61 1864 306 1914 stridorem
325 1862 483 1909 edunt.
551 1862 653 1910 Alis
678 1875 876 1923 quatuor
892 1866 1070 1920 volant,
1103 1863 1298 1924 quarum
1320 1879 1519 1916 externae
1535 1869 1781 1926 breviores,
1814 1870 1889 1916 in-

60 1944 203 1978 ternae
219 1925 441 1973 ‘maiores
456 1925 582 1971 fimul
600 1928 646 1972 δε
663 1926 912 1987 longiores.
978 1928 1042 1974 D.
1063 1929 1299 1989 Willughby
1322 1930 1452 1978 alatis
1468 1932 1575 1979 duas
1592 1927 1774 1979 tantum
1795 1932 1899 1979 alas·

59 1991 287 2048 attribuit,
320 2002 516 2049 quarum
534 1986 707 2037 sinistra
730 1991 900 2037 dextrae
921 1988 1169 2050 incumbit,
1201 1993 1251 2039 in
1275 2007 1369 2052 quo
1386 2008 1552 2042 vereor
1563 2010 1624 2043 ne
1637 1991 1770 2042 falsus
1785 1992 1893 2043 fue·
1922 2049 1925 2052 Δ

58 2059 135 2106 rit.
200 2057 258 2103 In
280 2053 575 2099 caminorum
594 2049 899 2100 foraminibus
914 2052 1119 2114 latitant,
1154 2058 1200 2102 δε
1218 2052 1350 2116 juxta
1366 2055 1523 2105 focum
1534 2053 1763 2120 perpetuo
1780 2071 1886 2106 ver-

56 2119 245 2176 santur,
287 2117 411 2164 unde
438 2115 615 2162 culinas
636 2115 867 2179 praecipue
901 2113 1214 2178 frequentant.
1279 2120 1500 2182 Spumam
1524 2119 1635 2184 juris
1655 2120 1881 2184 zythique

58 2183 193 2233 avide
212 2181 461 2245 liguriunt,
491 2175 835 2242 vescunturque
851 2176 978 2229 sanie
1000 2185 1049 2229 δε,
1070 2181 1252 2242 liquore
1268 2185 1497 2233 carnium.

295 2357 304 2361 ,
570 2314 731 2377 Gryllus
753 2316 986 2379 campestris
1002 2311 1250 2378 Mouffeti,
1284 2334 1390 2381 134.

115 2377 305 2435 Mozffet.
345 2378 387 2418 F.
407 2375 471 2420 W

227 2436 305 2486 AS
328 2437 496 2484 cicadae
515 2435 889 2495 magnitudinem
901 2432 1049 2498 prope
1065 2436 1276 2500 attingit,
1303 2435 1380 2486 sed
1397 2452 1598 2503 corpore
1608 2437 1749 2504 paulo
1765 2440 1875 2490 lon-2

179 2522 184 2525 -
259 2502 421 2562 giore:
454 2497 543 2561 [D.
557 2499 794 2562 Willughhy
815 2500 1004 2548 unciam
1029 2517 1051 2548 1
1076 2508 1104 2556 ’ἐς
1119 2501 1426 2562 longitudinis
1448 2506 1493 2553 ei
1518 2503 1757 2566 attribuit]
1790 2521 1872 2554 co·-

54 2567 154 2613 lore
169 2563 530 2623 subnigricante.
584 2564 745 2626 Caput
761 2579 849 2627 pro
862 2565 1068 2626 corporis
1084 2565 1268 2614 ratione
1285 2581 1507 2629 magnum
1524 2586 1535 2619 ς
1567 2571 1713 2619 Oculi
1731 2583 1876 2630 gran-

55 2631 150 2688 des,
183 2629 362 2676 exerti:
394 2629 540 2676 Frons
567 2640 840 2688 antennam,
870 2625 948 2676 sed
970 2627 1177 2677 articulis
1196 2644 1359 2680 carent
1379 2646 1613 2695 antennae,
1641 2635 1733 2680 huc
1752 2631 1868 2682 illue

56 2706 221 2744 tamen.
231 2688 370 2743 facile
383 2704 642 2744 moventur.
688 2693 769 2747 Ad
790 2709 841 2743 os
861 2692 954 2743 duo
973 2693 1364 2758 cirrorumparia,
1387 2694 1588 2760 forcipes
1607 2697 1701 2746 duo
1712 2695 1883 2770 validi,

1724 2773 1877 2822 mgrh
