<?xml version="1.0" encoding="UTF-8"?>
<!DOCTYPE html PUBLIC "-//W3C//DTD XHTML 1.0 Transitional//EN"
    "http://www.w3.org/TR/xhtml1/DTD/xhtml1-transitional.dtd">
<html xmlns="http://www.w3.org/1999/xhtml" xml:lang="en" lang="en">
 <head>
  <title>
</title>
<meta http-equiv="Content-Type" content="text/html;charset=utf-8" />
  <meta name='ocr-system' content='tesseract 3.04.00' />
  <meta name='ocr-capabilities' content='ocr_page ocr_carea ocr_par ocr_line ocrx_word'/>
</head>
<body>
  <div class='ocr_page' id='page_1' title='image "./historiainsector00rayj_0177.png"; bbox 0 0 2322 3206; ppageno 0'>
   <div class='ocr_carea' id='block_1_1' title="bbox 859 79 1202 217">
    <p class='ocr_par' dir='ltr' id='par_1_1' title="bbox 859 79 1202 217">
     <span class='ocr_line' id='line_1_1' title="bbox 859 79 1202 217; baseline 0.035 -49"><span class='ocrx_word' id='word_1_1' title='bbox 859 79 1202 217; x_wconf 62' lang='lat'>(149)</span> 
     </span>
    </p>
   </div>
   <div class='ocr_carea' id='block_1_2' title="bbox 116 250 1936 385">
    <p class='ocr_par' dir='ltr' id='par_1_2' title="bbox 116 250 1936 385">
     <span class='ocr_line' id='line_1_2' title="bbox 116 250 1936 330; baseline 0.011 -32"><span class='ocrx_word' id='word_1_2' title='bbox 116 266 154 313; x_wconf 70' lang='grc' dir='ltr'><strong>ς.</strong></span> <span class='ocrx_word' id='word_1_3' title='bbox 188 250 386 300; x_wconf 76' lang='lat' dir='ltr'><strong>Phalaena</strong></span> <span class='ocrx_word' id='word_1_4' title='bbox 408 267 580 316; x_wconf 68' lang='lat' dir='ltr'><strong>magna,</strong></span> <span class='ocrx_word' id='word_1_5' title='bbox 613 261 780 316; x_wconf 81' lang='lat' dir='ltr'><strong>cinereo,</strong></span> <span class='ocrx_word' id='word_1_6' title='bbox 813 256 945 304; x_wconf 49' lang='lat' dir='ltr'><strong>diluta</strong></span> <span class='ocrx_word' id='word_1_7' title='bbox 978 258 1159 320; x_wconf 80' lang='lat' dir='ltr'><strong>rubente,</strong></span> <span class='ocrx_word' id='word_1_8' title='bbox 1194 256 1253 310; x_wconf 51' lang='grc' dir='ltr'><strong>(ῥ’</strong></span> <span class='ocrx_word' id='word_1_9' title='bbox 1287 259 1402 324; x_wconf 62' lang='lat' dir='ltr'><strong>nigre</strong></span> <span class='ocrx_word' id='word_1_10' title='bbox 1436 261 1630 311; x_wconf 72' lang='lat' dir='ltr'><strong>coloribus</strong></span> <span class='ocrx_word' id='word_1_11' title='bbox 1661 275 1809 330; x_wconf 63' lang='lat' dir='ltr'><strong>varia,</strong></span> <span class='ocrx_word' id='word_1_12' title='bbox 1844 292 1936 318; x_wconf 60' lang='lat' dir='ltr'><strong>cnm</strong></span> 
     </span>
     <span class='ocr_line' id='line_1_3' title="bbox 463 320 1539 385; baseline 0.012 -22"><span class='ocrx_word' id='word_1_13' title='bbox 463 320 635 368; x_wconf 74' lang='lat' dir='ltr'><strong>maculis</strong></span> <span class='ocrx_word' id='word_1_14' title='bbox 662 322 789 369; x_wconf 78' lang='lat' dir='ltr'><strong>oculos</strong></span> <span class='ocrx_word' id='word_1_15' title='bbox 812 322 1074 385; x_wconf 60' lang='lat' dir='ltr'><strong>referentibus</strong></span> <span class='ocrx_word' id='word_1_16' title='bbox 1096 329 1142 371; x_wconf 86' lang='lat' dir='ltr'><strong>in</strong></span> <span class='ocrx_word' id='word_1_17' title='bbox 1164 327 1424 374; x_wconf 80' lang='lat' dir='ltr'><strong>interioribus</strong></span> <span class='ocrx_word' id='word_1_18' title='bbox 1444 329 1539 376; x_wconf 76' lang='lat' dir='ltr'><strong>alis.</strong></span> 
     </span>
    </p>
   </div>
   <div class='ocr_carea' id='block_1_3' title="bbox 87 439 1936 1775">
    <p class='ocr_par' dir='ltr' id='par_1_3' title="bbox 87 439 1936 1657">
     <span class='ocr_line' id='line_1_4' title="bbox 110 439 1936 512; baseline 0.008 -20"><span class='ocrx_word' id='word_1_19' title='bbox 110 439 115 444; x_wconf 79' lang='grc'><strong><em>’</em></strong></span> <span class='ocrx_word' id='word_1_20' title='bbox 215 446 349 508; x_wconf 88' lang='lat' dir='ltr'><strong>Aput</strong></span> <span class='ocrx_word' id='word_1_21' title='bbox 369 445 564 508; x_wconf 82' lang='lat' dir='ltr'><strong>grande,</strong></span> <span class='ocrx_word' id='word_1_22' title='bbox 596 443 867 505; x_wconf 85' lang='lat' dir='ltr'><strong>rotundum,</strong></span> <span class='ocrx_word' id='word_1_23' title='bbox 899 444 951 493; x_wconf 91' lang='lat' dir='ltr'><strong>in</strong></span> <span class='ocrx_word' id='word_1_24' title='bbox 972 445 1147 494; x_wconf 85' lang='lat' dir='ltr'><strong>vertice</strong></span> <span class='ocrx_word' id='word_1_25' title='bbox 1167 449 1213 495; x_wconf 78' lang='grc' dir='ltr'><strong>δε</strong></span> <span class='ocrx_word' id='word_1_26' title='bbox 1244 448 1472 512; x_wconf 89' lang='lat' dir='ltr'><strong>occipitio</strong></span> <span class='ocrx_word' id='word_1_27' title='bbox 1493 450 1701 511; x_wconf 85' lang='lat' dir='ltr'><strong>nigrum,</strong></span> <span class='ocrx_word' id='word_1_28' title='bbox 1730 453 1936 505; x_wconf 69' lang='lat' dir='ltr'><strong>anterius</strong></span> 
     </span>
     <span class='ocr_line' id='line_1_5' title="bbox 107 445 1934 568; baseline 0.006 -11"><span class='ocrx_word' id='word_1_29' title='bbox 107 445 213 567; x_wconf 80' lang='lat' dir='ltr'>C</span> <span class='ocrx_word' id='word_1_30' title='bbox 245 514 291 558; x_wconf 83' lang='lat'>&amp;</span> <span class='ocrx_word' id='word_1_31' title='bbox 314 511 371 557; x_wconf 90' lang='lat' dir='ltr'><strong>ad</strong></span> <span class='ocrx_word' id='word_1_32' title='bbox 396 512 539 559; x_wconf 89' lang='lat' dir='ltr'><strong>latera</strong></span> <span class='ocrx_word' id='word_1_33' title='bbox 561 504 940 557; x_wconf 81' lang='lat' dir='ltr'><strong>rufo-cinereum.</strong></span> <span class='ocrx_word' id='word_1_34' title='bbox 1007 511 1244 560; x_wconf 84' lang='lat' dir='ltr'><strong>Ante&#39;nnae</strong></span> <span class='ocrx_word' id='word_1_35' title='bbox 1266 514 1515 564; x_wconf 88' lang='lat' dir='ltr'><strong>flavicant:</strong></span> <span class='ocrx_word' id='word_1_36' title='bbox 1549 514 1756 567; x_wconf 81' lang='lat' dir='ltr'><strong>Dorsum</strong></span> <span class='ocrx_word' id='word_1_37' title='bbox 1783 522 1830 567; x_wconf 87' lang='lat'>&amp;</span> <span class='ocrx_word' id='word_1_38' title='bbox 1854 521 1934 568; x_wconf 87' lang='lat' dir='ltr'><strong>ab-</strong></span> 
     </span>
     <span class='ocr_line' id='line_1_6' title="bbox 105 571 1932 645; baseline 0.007 -26"><span class='ocrx_word' id='word_1_39' title='bbox 105 572 279 622; x_wconf 79' lang='lat' dir='ltr'><strong>domen</strong></span> <span class='ocrx_word' id='word_1_40' title='bbox 297 571 514 637; x_wconf 90' lang='lat' dir='ltr'><strong>supinum</strong></span> <span class='ocrx_word' id='word_1_41' title='bbox 532 589 639 622; x_wconf 90' lang='lat' dir='ltr'><strong>cum</strong></span> <span class='ocrx_word' id='word_1_42' title='bbox 654 573 854 621; x_wconf 67' lang='lat' dir='ltr'><strong>tinetura</strong></span> <span class='ocrx_word' id='word_1_43' title='bbox 871 573 1000 620; x_wconf 87' lang='lat' dir='ltr'><strong>rubri</strong></span> <span class='ocrx_word' id='word_1_44' title='bbox 1017 575 1235 635; x_wconf 82' lang='lat' dir='ltr'>nigricat.</span> <span class='ocrx_word' id='word_1_45' title='bbox 1299 577 1399 626; x_wconf 88' lang='lat' dir='ltr'><strong>Alae</strong></span> <span class='ocrx_word' id='word_1_46' title='bbox 1431 574 1683 629; x_wconf 50' lang='lat' dir='ltr'><strong>exteriore&amp;</strong></span> <span class='ocrx_word' id='word_1_47' title='bbox 1710 584 1932 645; x_wconf 81' lang='lat' dir='ltr'><strong>angustae,</strong></span> 
     </span>
     <span class='ocr_line' id='line_1_7' title="bbox 94 632 1930 708; baseline 0.007 -24"><span class='ocrx_word' id='word_1_48' title='bbox 94 650 197 685; x_wconf 63' lang='lat' dir='ltr'><strong>&#39;nec</strong></span> <span class='ocrx_word' id='word_1_49' title='bbox 212 639 467 687; x_wconf 88' lang='lat' dir='ltr'><strong>admodum</strong></span> <span class='ocrx_word' id='word_1_50' title='bbox 480 640 652 700; x_wconf 71' lang='lat' dir='ltr'><strong>longae,</strong></span> <span class='ocrx_word' id='word_1_51' title='bbox 682 632 874 685; x_wconf 76' lang='lat' dir='ltr'><strong>interius</strong></span> <span class='ocrx_word' id='word_1_52' title='bbox 896 652 1043 699; x_wconf 82' lang='lat' dir='ltr'>prope</span> <span class='ocrx_word' id='word_1_53' title='bbox 1065 639 1212 687; x_wconf 89' lang='lat' dir='ltr'><strong>imum</strong></span> <span class='ocrx_word' id='word_1_54' title='bbox 1229 636 1306 687; x_wconf 91' lang='lat' dir='ltr'><strong>seu</strong></span> <span class='ocrx_word' id='word_1_55' title='bbox 1333 656 1593 691; x_wconf 84' lang='lat' dir='ltr'><strong>extremum</strong></span> <span class='ocrx_word' id='word_1_56' title='bbox 1610 644 1930 708; x_wconf 13' lang='lat' dir='ltr'><strong>finnt-quodam</strong></span> 
     </span>
     <span class='ocr_line' id='line_1_8' title="bbox 103 697 1930 773; baseline 0.007 -24"><span class='ocrx_word' id='word_1_57' title='bbox 103 716 357 763; x_wconf 64' lang='lat' dir='ltr'><strong>excavatae,</strong></span> <span class='ocrx_word' id='word_1_58' title='bbox 389 704 448 751; x_wconf 90' lang='lat' dir='ltr'><strong>ab</strong></span> <span class='ocrx_word' id='word_1_59' title='bbox 474 716 642 751; x_wconf 85' lang='lat' dir='ltr'><strong>exortu</strong></span> <span class='ocrx_word' id='word_1_60' title='bbox 672 697 749 749; x_wconf 93' lang='lat' dir='ltr'><strong>seu</strong></span> <span class='ocrx_word' id='word_1_61' title='bbox 770 698 986 763; x_wconf 87' lang='lat' dir='ltr'><strong>supremo</strong></span> <span class='ocrx_word' id='word_1_62' title='bbox 1015 702 1192 764; x_wconf 86' lang='lat' dir='ltr'><strong>angulo</strong></span> <span class='ocrx_word' id='word_1_63' title='bbox 1228 704 1531 767; x_wconf 87' lang='lat' dir='ltr'><strong>aliquousque</strong></span> <span class='ocrx_word' id='word_1_64' title='bbox 1559 708 1839 773; x_wconf 79' lang='lat' dir='ltr'><strong>rubescunt3</strong></span> <span class='ocrx_word' id='word_1_65' title='bbox 1871 714 1930 761; x_wconf 89' lang='lat' dir='ltr'><strong>ad</strong></span> 
     </span>
     <span class='ocr_line' id='line_1_9' title="bbox 99 764 1929 837; baseline 0.007 -26"><span class='ocrx_word' id='word_1_66' title='bbox 99 764 376 816; x_wconf 89' lang='lat' dir='ltr'><strong>interiorem</strong></span> <span class='ocrx_word' id='word_1_67' title='bbox 392 768 654 829; x_wconf 85' lang='lat' dir='ltr'><strong>marginem</strong></span> <span class='ocrx_word' id='word_1_68' title='bbox 670 767 854 814; x_wconf 88' lang='lat' dir='ltr'><strong>macula</strong></span> <span class='ocrx_word' id='word_1_69' title='bbox 875 766 1013 827; x_wconf 86' lang='lat' dir='ltr'><strong>nigra</strong></span> <span class='ocrx_word' id='word_1_70' title='bbox 1035 767 1195 814; x_wconf 83' lang='lat' dir='ltr'><strong>colore</strong></span> <span class='ocrx_word' id='word_1_71' title='bbox 1221 769 1417 818; x_wconf 90' lang='lat' dir='ltr'><strong>rubente</strong></span> <span class='ocrx_word' id='word_1_72' title='bbox 1437 772 1656 832; x_wconf 83' lang='lat' dir='ltr'><strong>cingitur.</strong></span> <span class='ocrx_word' id='word_1_73' title='bbox 1722 776 1929 837; x_wconf 82' lang='lat' dir='ltr'><strong>Reliqua</strong></span> 
     </span>
     <span class='ocr_line' id='line_1_10' title="bbox 102 829 1930 902; baseline 0.007 -26"><span class='ocrx_word' id='word_1_74' title='bbox 102 844 210 891; x_wconf 80' lang='lat' dir='ltr'><strong>pars</strong></span> <span class='ocrx_word' id='word_1_75' title='bbox 236 831 317 878; x_wconf 89' lang='lat' dir='ltr'><strong>alae</strong></span> <span class='ocrx_word' id='word_1_76' title='bbox 338 832 501 895; x_wconf 82' lang='lat' dir='ltr'><strong>nigro,</strong></span> <span class='ocrx_word' id='word_1_77' title='bbox 537 829 967 888; x_wconf 87' lang='lat' dir='ltr'><strong>cinereo-rubente,</strong></span> <span class='ocrx_word' id='word_1_78' title='bbox 1001 830 1212 890; x_wconf 86' lang='lat' dir='ltr'><strong>cinereo,</strong></span> <span class='ocrx_word' id='word_1_79' title='bbox 1241 833 1453 895; x_wconf 82' lang='lat' dir='ltr'><strong>rubente,</strong></span> <span class='ocrx_word' id='word_1_80' title='bbox 1486 837 1656 884; x_wconf 88' lang='lat' dir='ltr'><strong>iterum</strong></span> <span class='ocrx_word' id='word_1_81' title='bbox 1684 839 1826 902; x_wconf 83' lang='lat' dir='ltr'><strong>nigro</strong></span> <span class='ocrx_word' id='word_1_82' title='bbox 1848 855 1930 887; x_wconf 83' lang='lat' dir='ltr'><strong>va-</strong></span> 
     </span>
     <span class='ocr_line' id='line_1_11' title="bbox 98 890 1925 963; baseline 0.006 -22"><span class='ocrx_word' id='word_1_83' title='bbox 98 893 170 941; x_wconf 77' lang='lat' dir='ltr'><strong>ria</strong></span> <span class='ocrx_word' id='word_1_84' title='bbox 193 893 294 956; x_wconf 81' lang='lat' dir='ltr'><strong>est3</strong></span> <span class='ocrx_word' id='word_1_85' title='bbox 328 893 561 957; x_wconf 74' lang='lat' dir='ltr'><strong>praecipue</strong></span> <span class='ocrx_word' id='word_1_86' title='bbox 582 893 801 941; x_wconf 84' lang='lat' dir='ltr'><strong>notabilis</strong></span> <span class='ocrx_word' id='word_1_87' title='bbox 822 890 889 940; x_wconf 89' lang='lat' dir='ltr'><strong>est</strong></span> <span class='ocrx_word' id='word_1_88' title='bbox 911 895 1092 942; x_wconf 87' lang='lat' dir='ltr'><strong>macula</strong></span> <span class='ocrx_word' id='word_1_89' title='bbox 1114 895 1271 957; x_wconf 89' lang='lat' dir='ltr'><strong>ampla</strong></span> <span class='ocrx_word' id='word_1_90' title='bbox 1302 911 1492 946; x_wconf 85' lang='lat' dir='ltr'><strong>arcuata</strong></span> <span class='ocrx_word' id='word_1_91' title='bbox 1519 901 1658 963; x_wconf 88' lang='lat' dir='ltr'><strong>nigra</strong></span> <span class='ocrx_word' id='word_1_92' title='bbox 1690 905 1748 950; x_wconf 83' lang='lat' dir='ltr'><strong>ad</strong></span> <span class='ocrx_word' id='word_1_93' title='bbox 1781 905 1925 952; x_wconf 86' lang='lat' dir='ltr'><strong>imam</strong></span> 
     </span>
     <span class='ocr_line' id='line_1_12' title="bbox 97 952 1925 1026; baseline 0.007 -22"><span class='ocrx_word' id='word_1_94' title='bbox 97 957 235 1006; x_wconf 84' lang='lat' dir='ltr'><strong>alam.</strong></span> <span class='ocrx_word' id='word_1_95' title='bbox 304 959 406 1008; x_wconf 87' lang='lat' dir='ltr'><strong>Alae</strong></span> <span class='ocrx_word' id='word_1_96' title='bbox 435 959 678 1007; x_wconf 87' lang='lat' dir='ltr'><strong>interiores</strong></span> <span class='ocrx_word' id='word_1_97' title='bbox 700 952 809 1004; x_wconf 76' lang='lat' dir='ltr'><strong>cum</strong></span> <span class='ocrx_word' id='word_1_98' title='bbox 827 954 951 1004; x_wconf 89' lang='lat' dir='ltr'><strong>sedet</strong></span> <span class='ocrx_word' id='word_1_99' title='bbox 968 958 1089 1006; x_wconf 88' lang='lat' dir='ltr'><strong>ultra</strong></span> <span class='ocrx_word' id='word_1_100' title='bbox 1106 961 1357 1009; x_wconf 79' lang='lat' dir='ltr'><strong>exteriores</strong></span> <span class='ocrx_word' id='word_1_101' title='bbox 1378 977 1626 1026; x_wconf 88' lang='lat' dir='ltr'><strong>apparent,</strong></span> <span class='ocrx_word' id='word_1_102' title='bbox 1659 980 1710 1014; x_wconf 84' lang='lat' dir='ltr'><strong>ut</strong></span> <span class='ocrx_word' id='word_1_103' title='bbox 1745 967 1795 1015; x_wconf 91' lang='lat' dir='ltr'><strong>in</strong></span> <span class='ocrx_word' id='word_1_104' title='bbox 1823 968 1925 1016; x_wconf 80' lang='lat' dir='ltr'><strong>aliis</strong></span> 
     </span>
     <span class='ocr_line' id='line_1_13' title="bbox 98 1018 1924 1092; baseline 0.007 -24"><span class='ocrx_word' id='word_1_105' title='bbox 98 1022 342 1070; x_wconf 87' lang='lat' dir='ltr'><strong>nonnullis</strong></span> <span class='ocrx_word' id='word_1_106' title='bbox 356 1020 382 1071; x_wconf 82' lang='grc' dir='ltr'>ὲ</span> <span class='ocrx_word' id='word_1_107' title='bbox 398 1022 623 1071; x_wconf 87' lang='lat' dir='ltr'><strong>Phalaenis</strong></span> <span class='ocrx_word' id='word_1_108' title='bbox 639 1018 917 1082; x_wconf 82' lang='lat' dir='ltr'><strong>majoribus3</strong></span> <span class='ocrx_word' id='word_1_109' title='bbox 933 1023 1236 1072; x_wconf 84' lang='lat' dir='ltr'><strong>exterioribus</strong></span> <span class='ocrx_word' id='word_1_110' title='bbox 1251 1038 1407 1074; x_wconf 88' lang='lat' dir='ltr'><strong>autem</strong></span> <span class='ocrx_word' id='word_1_111' title='bbox 1420 1025 1572 1076; x_wconf 77' lang='lat' dir='ltr'><strong>multo</strong></span> <span class='ocrx_word' id='word_1_112' title='bbox 1589 1031 1791 1081; x_wconf 87' lang='lat' dir='ltr'><strong>minores</strong></span> <span class='ocrx_word' id='word_1_113' title='bbox 1801 1029 1924 1092; x_wconf 82' lang='lat' dir='ltr'><strong>sunt,</strong></span> 
     </span>
     <span class='ocr_line' id='line_1_14' title="bbox 95 1082 1925 1158; baseline 0.007 -25"><span class='ocrx_word' id='word_1_114' title='bbox 95 1082 263 1147; x_wconf 88' lang='lat' dir='ltr'><strong>supina</strong></span> <span class='ocrx_word' id='word_1_115' title='bbox 284 1100 417 1149; x_wconf 87' lang='lat' dir='ltr'><strong>parte</strong></span> <span class='ocrx_word' id='word_1_116' title='bbox 435 1084 629 1148; x_wconf 69' lang='lat' dir='ltr'><strong>pulchre</strong></span> <span class='ocrx_word' id='word_1_117' title='bbox 655 1086 872 1133; x_wconf 88' lang='lat' dir='ltr'><strong>rubentes</strong></span> <span class='ocrx_word' id='word_1_118' title='bbox 898 1098 1062 1147; x_wconf 83' lang='lat' dir='ltr'><strong>praeter</strong></span> <span class='ocrx_word' id='word_1_119' title='bbox 1086 1088 1266 1149; x_wconf 80' lang='lat' dir='ltr'><strong>oculos,</strong></span> <span class='ocrx_word' id='word_1_120' title='bbox 1299 1091 1382 1150; x_wconf 90' lang='lat' dir='ltr'><strong>qui</strong></span> <span class='ocrx_word' id='word_1_121' title='bbox 1403 1093 1462 1139; x_wconf 86' lang='lat' dir='ltr'><strong>ad</strong></span> <span class='ocrx_word' id='word_1_122' title='bbox 1477 1093 1754 1156; x_wconf 87' lang='lat' dir='ltr'><strong>interiorem</strong></span> <span class='ocrx_word' id='word_1_123' title='bbox 1776 1111 1925 1158; x_wconf 88' lang='lat' dir='ltr'><strong>angu-</strong></span> 
     </span>
     <span class='ocr_line' id='line_1_15' title="bbox 96 1147 1926 1223; baseline 0 -26"><span class='ocrx_word' id='word_1_124' title='bbox 96 1150 201 1197; x_wconf 76' lang='lat' dir='ltr'><strong>lum</strong></span> <span class='ocrx_word' id='word_1_125' title='bbox 217 1147 351 1210; x_wconf 87' lang='lat' dir='ltr'><strong>sunt,</strong></span> <span class='ocrx_word' id='word_1_126' title='bbox 384 1152 559 1198; x_wconf 88' lang='lat' dir='ltr'><strong>duobus</strong></span> <span class='ocrx_word' id='word_1_127' title='bbox 581 1148 795 1207; x_wconf 79' lang='lat' dir='ltr'><strong>circulis,</strong></span> <span class='ocrx_word' id='word_1_128' title='bbox 827 1150 1060 1197; x_wconf 75' lang='lat' dir='ltr'><strong>exteriore</strong></span> <span class='ocrx_word' id='word_1_129' title='bbox 1080 1153 1237 1213; x_wconf 87' lang='lat' dir='ltr'><strong>nigro,</strong></span> <span class='ocrx_word' id='word_1_130' title='bbox 1269 1155 1427 1203; x_wconf 91' lang='lat' dir='ltr'><strong>medio</strong></span> <span class='ocrx_word' id='word_1_131' title='bbox 1454 1159 1676 1218; x_wconf 85' lang='lat' dir='ltr'><strong>coeruleo,</strong></span> <span class='ocrx_word' id='word_1_132' title='bbox 1708 1175 1818 1208; x_wconf 91' lang='lat' dir='ltr'><strong>cum</strong></span> <span class='ocrx_word' id='word_1_133' title='bbox 1840 1176 1926 1223; x_wconf 81' lang='lat' dir='ltr'><strong>pu-</strong></span> 
     </span>
     <span class='ocr_line' id='line_1_16' title="bbox 92 1213 1922 1286; baseline 0.006 -25"><span class='ocrx_word' id='word_1_134' title='bbox 92 1213 210 1276; x_wconf 86' lang='lat' dir='ltr'><strong>pilla</strong></span> <span class='ocrx_word' id='word_1_135' title='bbox 245 1228 416 1275; x_wconf 86' lang='lat' dir='ltr'><strong>magna</strong></span> <span class='ocrx_word' id='word_1_136' title='bbox 438 1215 575 1274; x_wconf 86' lang='lat' dir='ltr'><strong>nigra</strong></span> <span class='ocrx_word' id='word_1_137' title='bbox 603 1215 656 1260; x_wconf 84' lang='lat' dir='ltr'><strong>in</strong></span> <span class='ocrx_word' id='word_1_138' title='bbox 679 1213 838 1272; x_wconf 85' lang='lat' dir='ltr'><strong>medio</strong></span> <span class='ocrx_word' id='word_1_139' title='bbox 861 1214 1117 1272; x_wconf 74' lang='lat' dir='ltr'><strong>compositi.</strong></span> <span class='ocrx_word' id='word_1_140' title='bbox 1181 1216 1284 1262; x_wconf 83' lang='lat' dir='ltr'><strong>Alae</strong></span> <span class='ocrx_word' id='word_1_141' title='bbox 1307 1219 1565 1268; x_wconf 82' lang='lat' dir='ltr'><strong>exteriores</strong></span> <span class='ocrx_word' id='word_1_142' title='bbox 1598 1237 1747 1283; x_wconf 84' lang='lat' dir='ltr'><strong>prona</strong></span> <span class='ocrx_word' id='word_1_143' title='bbox 1769 1238 1922 1286; x_wconf 87' lang='lat' dir='ltr'><strong>parte,</strong></span> 
     </span>
     <span class='ocr_line' id='line_1_17' title="bbox 91 1274 1925 1339; baseline 0.007 -15"><span class='ocrx_word' id='word_1_144' title='bbox 91 1277 249 1339; x_wconf 90' lang='lat' dir='ltr'><strong>quoad</strong></span> <span class='ocrx_word' id='word_1_145' title='bbox 265 1275 407 1338; x_wconf 84' lang='lat' dir='ltr'><strong>usque</strong></span> <span class='ocrx_word' id='word_1_146' title='bbox 422 1276 724 1324; x_wconf 86' lang='lat' dir='ltr'><strong>interioribus</strong></span> <span class='ocrx_word' id='word_1_147' title='bbox 740 1286 980 1336; x_wconf 83' lang='lat' dir='ltr'><strong>teguntur,</strong></span> <span class='ocrx_word' id='word_1_148' title='bbox 1011 1274 1208 1336; x_wconf 71' lang='lat' dir='ltr'><strong>pulchre</strong></span> <span class='ocrx_word' id='word_1_149' title='bbox 1223 1279 1391 1327; x_wconf 88' lang='lat' dir='ltr'><strong>rubent</strong></span> <span class='ocrx_word' id='word_1_150' title='bbox 1412 1298 1424 1329; x_wconf 88' lang='lat'>:</span> <span class='ocrx_word' id='word_1_151' title='bbox 1449 1282 1620 1332; x_wconf 91' lang='lat' dir='ltr'><strong>deinde</strong></span> <span class='ocrx_word' id='word_1_152' title='bbox 1635 1286 1761 1334; x_wconf 90' lang='lat' dir='ltr'><strong>linea</strong></span> <span class='ocrx_word' id='word_1_153' title='bbox 1776 1285 1925 1336; x_wconf 88' lang='lat' dir='ltr'><strong>trans-</strong></span> 
     </span>
     <span class='ocr_line' id='line_1_18' title="bbox 91 1336 1919 1402; baseline 0.005 -13"><span class='ocrx_word' id='word_1_154' title='bbox 91 1336 220 1389; x_wconf 89' lang='lat' dir='ltr'><strong>versa</strong></span> <span class='ocrx_word' id='word_1_155' title='bbox 241 1341 449 1389; x_wconf 83' lang='lat' dir='ltr'><strong>albicans</strong></span> <span class='ocrx_word' id='word_1_156' title='bbox 471 1339 662 1388; x_wconf 89' lang='lat' dir='ltr'><strong>rubrum</strong></span> <span class='ocrx_word' id='word_1_157' title='bbox 682 1337 936 1397; x_wconf 83' lang='lat' dir='ltr'><strong>terminat,</strong></span> <span class='ocrx_word' id='word_1_158' title='bbox 967 1339 1151 1400; x_wconf 88' lang='lat' dir='ltr'><strong>reliqua</strong></span> <span class='ocrx_word' id='word_1_159' title='bbox 1185 1356 1289 1402; x_wconf 88' lang='lat' dir='ltr'><strong>pars</strong></span> <span class='ocrx_word' id='word_1_160' title='bbox 1318 1341 1345 1390; x_wconf 83' lang='grc' dir='ltr'>ὲ</span> <span class='ocrx_word' id='word_1_161' title='bbox 1379 1343 1486 1392; x_wconf 87' lang='lat' dir='ltr'><strong>rufo</strong></span> <span class='ocrx_word' id='word_1_162' title='bbox 1517 1345 1642 1396; x_wconf 90' lang='lat' dir='ltr'><strong>fusca</strong></span> <span class='ocrx_word' id='word_1_163' title='bbox 1668 1347 1749 1397; x_wconf 86' lang='lat' dir='ltr'><strong>est.</strong></span> <span class='ocrx_word' id='word_1_164' title='bbox 1816 1352 1919 1401; x_wconf 85' lang='lat' dir='ltr'><strong>Alae</strong></span> 
     </span>
     <span class='ocr_line' id='line_1_19' title="bbox 88 1402 1919 1467; baseline 0.006 -14"><span class='ocrx_word' id='word_1_165' title='bbox 88 1405 336 1454; x_wconf 83' lang='lat' dir='ltr'><strong>interiores</strong></span> <span class='ocrx_word' id='word_1_166' title='bbox 358 1419 509 1467; x_wconf 87' lang='lat' dir='ltr'><strong>prope</strong></span> <span class='ocrx_word' id='word_1_167' title='bbox 526 1416 744 1453; x_wconf 82' lang='lat' dir='ltr'><strong>exortum</strong></span> <span class='ocrx_word' id='word_1_168' title='bbox 760 1402 819 1449; x_wconf 88' lang='lat' dir='ltr'><strong>ad</strong></span> <span class='ocrx_word' id='word_1_169' title='bbox 841 1403 1126 1450; x_wconf 84' lang='lat' dir='ltr'><strong>exteriorem</strong></span> <span class='ocrx_word' id='word_1_170' title='bbox 1142 1407 1405 1467; x_wconf 85' lang='lat' dir='ltr'><strong>marginem</strong></span> <span class='ocrx_word' id='word_1_171' title='bbox 1418 1407 1549 1458; x_wconf 69' lang='lat' dir='ltr'><strong>linea</strong></span> <span class='ocrx_word' id='word_1_172' title='bbox 1568 1427 1627 1461; x_wconf 84' lang='lat' dir='ltr'><strong>ex</strong></span> <span class='ocrx_word' id='word_1_173' title='bbox 1643 1414 1751 1461; x_wconf 86' lang='lat' dir='ltr'><strong>albo</strong></span> <span class='ocrx_word' id='word_1_174' title='bbox 1773 1414 1919 1464; x_wconf 77' lang='lat' dir='ltr'><strong>dilute</strong></span> 
     </span>
     <span class='ocr_line' id='line_1_20' title="bbox 88 1461 1923 1538; baseline 0.005 -19"><span class='ocrx_word' id='word_1_175' title='bbox 88 1470 286 1519; x_wconf 86' lang='lat' dir='ltr'><strong>rubente</strong></span> <span class='ocrx_word' id='word_1_176' title='bbox 307 1482 548 1527; x_wconf 87' lang='lat' dir='ltr'><strong>notantur,</strong></span> <span class='ocrx_word' id='word_1_177' title='bbox 581 1461 774 1515; x_wconf 74' lang='lat' dir='ltr'><strong>interius</strong></span> <span class='ocrx_word' id='word_1_178' title='bbox 796 1464 821 1512; x_wconf 79' lang='grc' dir='ltr'>ὲ</span> <span class='ocrx_word' id='word_1_179' title='bbox 834 1463 940 1513; x_wconf 86' lang='lat' dir='ltr'><strong>rufo</strong></span> <span class='ocrx_word' id='word_1_180' title='bbox 956 1463 1217 1517; x_wconf 88' lang='lat' dir='ltr'><strong>fuscescunt</strong></span> <span class='ocrx_word' id='word_1_181' title='bbox 1237 1485 1262 1524; x_wconf 72' lang='grc' dir='ltr'><strong>ε,</strong></span> <span class='ocrx_word' id='word_1_182' title='bbox 1286 1471 1555 1523; x_wconf 86' lang='lat' dir='ltr'><strong>Succedunt</strong></span> <span class='ocrx_word' id='word_1_183' title='bbox 1570 1476 1703 1525; x_wconf 80' lang='lat' dir='ltr'><strong>linea:</strong></span> <span class='ocrx_word' id='word_1_184' title='bbox 1729 1494 1752 1538; x_wconf 78' lang='grc' dir='ltr'><strong><em>ς</em></strong></span> <span class='ocrx_word' id='word_1_185' title='bbox 1772 1477 1923 1529; x_wconf 82' lang='lat' dir='ltr'><strong>trans-</strong></span> 
     </span>
     <span class='ocr_line' id='line_1_21' title="bbox 88 1528 1914 1605; baseline 0.006 -22"><span class='ocrx_word' id='word_1_186' title='bbox 88 1530 242 1594; x_wconf 74' lang='lat' dir='ltr'><strong>versae,</strong></span> <span class='ocrx_word' id='word_1_187' title='bbox 275 1547 364 1582; x_wconf 88' lang='lat' dir='ltr'><strong>tres</strong></span> <span class='ocrx_word' id='word_1_188' title='bbox 387 1548 447 1581; x_wconf 84' lang='lat' dir='ltr'><strong>ex</strong></span> <span class='ocrx_word' id='word_1_189' title='bbox 467 1533 576 1580; x_wconf 89' lang='lat' dir='ltr'><strong>albo</strong></span> <span class='ocrx_word' id='word_1_190' title='bbox 589 1528 735 1580; x_wconf 71' lang='lat' dir='ltr'><strong>dilute</strong></span> <span class='ocrx_word' id='word_1_191' title='bbox 753 1529 987 1590; x_wconf 74' lang='lat' dir='ltr'><strong>rubenteS,</strong></span> <span class='ocrx_word' id='word_1_192' title='bbox 1018 1531 1419 1583; x_wconf 82' lang='lat' dir='ltr'><strong>duaeintermediae</strong></span> <span class='ocrx_word' id='word_1_193' title='bbox 1442 1534 1588 1589; x_wconf 86' lang='lat' dir='ltr'><strong>fuscae.</strong></span> <span class='ocrx_word' id='word_1_194' title='bbox 1654 1542 1914 1605; x_wconf 80' lang='lat' dir='ltr'><strong>Reliquum</strong></span> 
     </span>
     <span class='ocr_line' id='line_1_22' title="bbox 87 1590 1840 1657; baseline 0.006 -10"><span class='ocrx_word' id='word_1_195' title='bbox 87 1600 170 1647; x_wconf 86' lang='lat' dir='ltr'><strong>alae</strong></span> <span class='ocrx_word' id='word_1_196' title='bbox 192 1595 312 1645; x_wconf 87' lang='lat' dir='ltr'><strong>infra</strong></span> <span class='ocrx_word' id='word_1_197' title='bbox 329 1597 408 1645; x_wconf 89' lang='lat' dir='ltr'><strong>has</strong></span> <span class='ocrx_word' id='word_1_198' title='bbox 428 1598 571 1645; x_wconf 91' lang='lat' dir='ltr'><strong>lineas</strong></span> <span class='ocrx_word' id='word_1_199' title='bbox 589 1593 616 1642; x_wconf 80' lang='grc' dir='ltr'>ὲ</span> <span class='ocrx_word' id='word_1_200' title='bbox 636 1592 742 1643; x_wconf 90' lang='lat' dir='ltr'><strong>rufo</strong></span> <span class='ocrx_word' id='word_1_201' title='bbox 759 1590 939 1642; x_wconf 81' lang='lat' dir='ltr'><strong>fuscum</strong></span> <span class='ocrx_word' id='word_1_202' title='bbox 960 1592 1044 1654; x_wconf 77' lang='lat' dir='ltr'><strong>est,</strong></span> <span class='ocrx_word' id='word_1_203' title='bbox 1076 1609 1287 1646; x_wconf 85' lang='lat' dir='ltr'><strong>extrema</strong></span> <span class='ocrx_word' id='word_1_204' title='bbox 1301 1600 1528 1651; x_wconf 81' lang='lat' dir='ltr'><strong>duntaxat</strong></span> <span class='ocrx_word' id='word_1_205' title='bbox 1548 1620 1634 1654; x_wconf 88' lang='lat' dir='ltr'><strong>ora</strong></span> <span class='ocrx_word' id='word_1_206' title='bbox 1652 1606 1840 1657; x_wconf 79' lang='lat' dir='ltr'><strong>albicat.</strong></span> 
     </span>
    </p>

    <p class='ocr_par' dir='ltr' id='par_1_4' title="bbox 87 1654 1916 1775">
     <span class='ocr_line' id='line_1_23' title="bbox 146 1654 1916 1773; baseline 0.01 -65"><span class='ocrx_word' id='word_1_207' title='bbox 146 1662 279 1723; x_wconf 83' lang='lat' dir='ltr'><strong>Junii</strong></span> <span class='ocrx_word' id='word_1_208' title='bbox 295 1662 441 1773; x_wconf 86' lang='lat' dir='ltr'><strong>linitio</strong></span> <span class='ocrx_word' id='word_1_209' title='bbox 468 1661 586 1709; x_wconf 85' lang='lat' dir='ltr'><strong>exiit</strong></span> <span class='ocrx_word' id='word_1_210' title='bbox 620 1657 645 1708; x_wconf 82' lang='grc' dir='ltr'>ὲ</span> <span class='ocrx_word' id='word_1_211' title='bbox 671 1654 952 1725; x_wconf 85' lang='lat' dir='ltr'><strong>Chrysalide</strong></span> <span class='ocrx_word' id='word_1_212' title='bbox 971 1659 1134 1709; x_wconf 88' lang='lat' dir='ltr'><strong>Erucae</strong></span> <span class='ocrx_word' id='word_1_213' title='bbox 1157 1665 1306 1725; x_wconf 82' lang='lat' dir='ltr'>58vae,</span> <span class='ocrx_word' id='word_1_214' title='bbox 1337 1664 1388 1714; x_wconf 87' lang='lat' dir='ltr'><strong>in</strong></span> <span class='ocrx_word' id='word_1_215' title='bbox 1406 1679 1499 1728; x_wconf 87' lang='lat' dir='ltr'><strong>qua</strong></span> <span class='ocrx_word' id='word_1_216' title='bbox 1521 1683 1607 1733; x_wconf 91' lang='lat' dir='ltr'><strong>per</strong></span> <span class='ocrx_word' id='word_1_217' title='bbox 1628 1683 1776 1721; x_wconf 87' lang='lat' dir='ltr'><strong>totam</strong></span> <span class='ocrx_word' id='word_1_218' title='bbox 1798 1672 1916 1737; x_wconf 83' lang='lat' dir='ltr'><strong>hye-</strong></span> 
     </span>
     <span class='ocr_line' id='line_1_24' title="bbox 87 1726 494 1775; baseline -0.002 -1"><span class='ocrx_word' id='word_1_219' title='bbox 87 1741 213 1775; x_wconf 88' lang='lat' dir='ltr'><strong>mem</strong></span> <span class='ocrx_word' id='word_1_220' title='bbox 236 1726 292 1774; x_wconf 89' lang='lat' dir='ltr'><strong>de</strong></span> <span class='ocrx_word' id='word_1_221' title='bbox 314 1726 494 1774; x_wconf 87' lang='lat' dir='ltr'><strong>ituerat.</strong></span> 
     </span>
    </p>
   </div>
   <div class='ocr_carea' id='block_1_4' title="bbox 548 1858 1463 1928">
    <p class='ocr_par' dir='ltr' id='par_1_5' title="bbox 548 1858 1463 1928">
     <span class='ocr_line' id='line_1_25' title="bbox 548 1858 1463 1928; baseline 0.007 -20"><span class='ocrx_word' id='word_1_222' title='bbox 548 1865 686 1908; x_wconf 82' lang='lat' dir='ltr'><strong>Eruca</strong></span> <span class='ocrx_word' id='word_1_223' title='bbox 706 1859 902 1907; x_wconf 70' lang='lat' dir='ltr'><strong>Porcellus</strong></span> <span class='ocrx_word' id='word_1_224' title='bbox 918 1858 1051 1922; x_wconf 68' lang='grc' dir='ltr'><em>ιῖἰὲῗα,</em></span> <span class='ocrx_word' id='word_1_225' title='bbox 1083 1859 1314 1912; x_wconf 82' lang='lat' dir='ltr'><strong>Mouffeti</strong></span> <span class='ocrx_word' id='word_1_226' title='bbox 1339 1868 1394 1913; x_wconf 90' lang='lat'><strong>18</strong></span> <span class='ocrx_word' id='word_1_227' title='bbox 1402 1882 1463 1928; x_wconf 70' lang='lat'><strong>3.¹</strong></span> 
     </span>
    </p>
   </div>
   <div class='ocr_carea' id='block_1_5' title="bbox 138 1921 1911 2055">
    <p class='ocr_par' dir='ltr' id='par_1_6' title="bbox 138 1921 1911 2055">
     <span class='ocr_line' id='line_1_26' title="bbox 138 1921 1911 2055; baseline 0.007 -25"><span class='ocrx_word' id='word_1_228' title='bbox 138 1921 336 2031; x_wconf 55' lang='lat' dir='ltr'><strong>Egrnu</strong></span> <span class='ocrx_word' id='word_1_229' title='bbox 369 1981 420 2028; x_wconf 88' lang='lat' dir='ltr'><strong>in</strong></span> <span class='ocrx_word' id='word_1_230' title='bbox 452 1981 687 2041; x_wconf 86' lang='lat' dir='ltr'><strong>uropygio</strong></span> <span class='ocrx_word' id='word_1_231' title='bbox 708 1979 899 2039; x_wconf 84' lang='lat' dir='ltr'><strong>nigrum</strong></span> <span class='ocrx_word' id='word_1_232' title='bbox 910 2015 948 2053; x_wconf 32' lang='lat'><strong>‚²</strong></span> <span class='ocrx_word' id='word_1_233' title='bbox 976 1977 1164 2043; x_wconf 84' lang='lat' dir='ltr'><strong>cuspide</strong></span> <span class='ocrx_word' id='word_1_234' title='bbox 1195 1982 1444 2033; x_wconf 83' lang='lat' dir='ltr'><strong>albicante.</strong></span> <span class='ocrx_word' id='word_1_235' title='bbox 1506 1989 1640 2038; x_wconf 90' lang='lat' dir='ltr'><strong>Anus</strong></span> <span class='ocrx_word' id='word_1_236' title='bbox 1673 1993 1911 2055; x_wconf 85' lang='lat' dir='ltr'><strong>triangulo</strong></span> 
     </span>
    </p>
   </div>
   <div class='ocr_carea' id='block_1_6' title="bbox 70 2043 1910 2559">
    <p class='ocr_par' dir='ltr' id='par_1_7' title="bbox 70 2043 1910 2559">
     <span class='ocr_line' id='line_1_27' title="bbox 225 2043 1910 2107; baseline 0.011 -16"><span class='ocrx_word' id='word_1_237' title='bbox 225 2045 471 2095; x_wconf 88' lang='lat' dir='ltr'><strong>clauditur.</strong></span> <span class='ocrx_word' id='word_1_238' title='bbox 531 2045 645 2092; x_wconf 90' lang='lat' dir='ltr'><strong>Duo</strong></span> <span class='ocrx_word' id='word_1_239' title='bbox 666 2044 829 2091; x_wconf 88' lang='lat' dir='ltr'><strong>annuli</strong></span> <span class='ocrx_word' id='word_1_240' title='bbox 846 2043 992 2105; x_wconf 79' lang='lat' dir='ltr'><strong>capiti</strong></span> <span class='ocrx_word' id='word_1_241' title='bbox 1008 2046 1215 2106; x_wconf 83' lang='lat' dir='ltr'><strong>proximi</strong></span> <span class='ocrx_word' id='word_1_242' title='bbox 1230 2047 1281 2095; x_wconf 86' lang='lat' dir='ltr'><strong>in</strong></span> <span class='ocrx_word' id='word_1_243' title='bbox 1294 2045 1493 2099; x_wconf 87' lang='lat' dir='ltr'><strong>rostrum</strong></span> <span class='ocrx_word' id='word_1_244' title='bbox 1509 2054 1649 2103; x_wconf 85' lang='lat' dir='ltr'><strong>Porci</strong></span> <span class='ocrx_word' id='word_1_245' title='bbox 1670 2057 1812 2105; x_wconf 82' lang='lat' dir='ltr'><strong>fimile</strong></span> <span class='ocrx_word' id='word_1_246' title='bbox 1828 2059 1910 2107; x_wconf 82' lang='lat' dir='ltr'><strong>de-</strong></span> 
     </span>
     <span class='ocr_line' id='line_1_28' title="bbox 81 2107 1908 2181; baseline 0.008 -23"><span class='ocrx_word' id='word_1_247' title='bbox 81 2113 234 2160; x_wconf 86' lang='lat' dir='ltr'><strong>finunt</strong></span> <span class='ocrx_word' id='word_1_248' title='bbox 248 2147 267 2171; x_wconf 84' lang='lat'>‚</span> <span class='ocrx_word' id='word_1_249' title='bbox 298 2124 414 2170; x_wconf 88' lang='lat' dir='ltr'><strong>quos</strong></span> <span class='ocrx_word' id='word_1_250' title='bbox 444 2123 549 2155; x_wconf 91' lang='lat' dir='ltr'><strong>cum</strong></span> <span class='ocrx_word' id='word_1_251' title='bbox 585 2108 739 2169; x_wconf 89' lang='lat' dir='ltr'><strong>capite</strong></span> <span class='ocrx_word' id='word_1_252' title='bbox 762 2121 849 2168; x_wconf 90' lang='lat' dir='ltr'><strong>pro</strong></span> <span class='ocrx_word' id='word_1_253' title='bbox 870 2107 1008 2178; x_wconf 78' lang='lat' dir='ltr'><strong>libitu</strong></span> <span class='ocrx_word' id='word_1_254' title='bbox 1029 2110 1239 2158; x_wconf 87' lang='lat' dir='ltr'><strong>retrahit.</strong></span> <span class='ocrx_word' id='word_1_255' title='bbox 1307 2112 1460 2162; x_wconf 91' lang='lat' dir='ltr'><strong>Color</strong></span> <span class='ocrx_word' id='word_1_256' title='bbox 1489 2114 1665 2181; x_wconf 88' lang='lat' dir='ltr'><strong>fuscus,</strong></span> <span class='ocrx_word' id='word_1_257' title='bbox 1699 2118 1908 2170; x_wconf 76' lang='lat' dir='ltr'><strong>incisurae</strong></span> 
     </span>
     <span class='ocr_line' id='line_1_29' title="bbox 81 2170 1906 2243; baseline 0.007 -20"><span class='ocrx_word' id='word_1_258' title='bbox 81 2193 141 2228; x_wconf 84' lang='lat' dir='ltr'><strong>ex</strong></span> <span class='ocrx_word' id='word_1_259' title='bbox 158 2177 285 2223; x_wconf 89' lang='lat' dir='ltr'><strong>luteo</strong></span> <span class='ocrx_word' id='word_1_260' title='bbox 306 2174 432 2222; x_wconf 82' lang='lat' dir='ltr'><strong>albae,</strong></span> <span class='ocrx_word' id='word_1_261' title='bbox 496 2173 555 2220; x_wconf 89' lang='lat' dir='ltr'><strong>In</strong></span> <span class='ocrx_word' id='word_1_262' title='bbox 577 2172 761 2234; x_wconf 65' lang='lat' dir='ltr'><strong>singulis</strong></span> <span class='ocrx_word' id='word_1_263' title='bbox 775 2172 958 2219; x_wconf 85' lang='lat' dir='ltr'><strong>annulis</strong></span> <span class='ocrx_word' id='word_1_264' title='bbox 981 2187 1112 2234; x_wconf 83' lang='lat' dir='ltr'><strong>Juxta</strong></span> <span class='ocrx_word' id='word_1_265' title='bbox 1138 2170 1358 2223; x_wconf 83' lang='lat' dir='ltr'><strong>incisuras</strong></span> <span class='ocrx_word' id='word_1_266' title='bbox 1378 2178 1477 2227; x_wconf 85' lang='lat' dir='ltr'><strong>duae</strong></span> <span class='ocrx_word' id='word_1_267' title='bbox 1498 2179 1693 2243; x_wconf 86' lang='lat' dir='ltr'><strong>majores</strong></span> <span class='ocrx_word' id='word_1_268' title='bbox 1713 2186 1906 2235; x_wconf 85' lang='lat' dir='ltr'><strong>maculae</strong></span> 
     </span>
     <span class='ocr_line' id='line_1_30' title="bbox 79 2234 1904 2304; baseline 0.016 -33"><span class='ocrx_word' id='word_1_269' title='bbox 79 2241 261 2304; x_wconf 71' lang='lat' dir='ltr'><strong>nigsae.3</strong></span> <span class='ocrx_word' id='word_1_270' title='bbox 296 2251 344 2286; x_wconf 89' lang='lat' dir='ltr'><strong>at</strong></span> <span class='ocrx_word' id='word_1_271' title='bbox 379 2238 429 2284; x_wconf 89' lang='lat' dir='ltr'><strong>in</strong></span> <span class='ocrx_word' id='word_1_272' title='bbox 464 2236 623 2284; x_wconf 85' lang='lat' dir='ltr'><strong>medio</strong></span> <span class='ocrx_word' id='word_1_273' title='bbox 645 2234 934 2283; x_wconf 84' lang='lat' dir='ltr'><strong>macularum</strong></span> <span class='ocrx_word' id='word_1_274' title='bbox 956 2238 1113 2296; x_wconf 89' lang='lat' dir='ltr'><strong>quarti</strong></span> <span class='ocrx_word' id='word_1_275' title='bbox 1133 2242 1180 2286; x_wconf 71' lang='grc' dir='ltr'><strong>ὅτ,</strong></span> <span class='ocrx_word' id='word_1_276' title='bbox 1202 2239 1356 2299; x_wconf 87' lang='lat' dir='ltr'><strong>quinti</strong></span> <span class='ocrx_word' id='word_1_277' title='bbox 1383 2246 1547 2293; x_wconf 84' lang='lat' dir='ltr'><strong>annuli</strong></span> <span class='ocrx_word' id='word_1_278' title='bbox 1566 2248 1657 2295; x_wconf 85' lang='lat' dir='ltr'><strong>alia</strong></span> <span class='ocrx_word' id='word_1_279' title='bbox 1680 2248 1752 2298; x_wconf 84' lang='lat' dir='ltr'><strong>est·</strong></span> <span class='ocrx_word' id='word_1_280' title='bbox 1766 2247 1904 2298; x_wconf 88' lang='lat' dir='ltr'><strong>semi-</strong></span> 
     </span>
     <span class='ocr_line' id='line_1_31' title="bbox 80 2295 1903 2364; baseline 0.007 -12"><span class='ocrx_word' id='word_1_281' title='bbox 80 2304 319 2355; x_wconf 84' lang='lat' dir='ltr'><strong>circularis</strong></span> <span class='ocrx_word' id='word_1_282' title='bbox 339 2298 457 2361; x_wconf 74' lang='lat' dir='ltr'><strong>fere,</strong></span> <span class='ocrx_word' id='word_1_283' title='bbox 490 2295 641 2348; x_wconf 72' lang='lat' dir='ltr'><strong>versus</strong></span> <span class='ocrx_word' id='word_1_284' title='bbox 663 2312 802 2361; x_wconf 88' lang='lat' dir='ltr'><strong>caput</strong></span> <span class='ocrx_word' id='word_1_285' title='bbox 830 2300 1032 2348; x_wconf 72' lang='lat' dir='ltr'><strong>obtusior</strong></span> <span class='ocrx_word' id='word_1_286' title='bbox 1064 2304 1109 2348; x_wconf 83' lang='lat'>&amp;</span> <span class='ocrx_word' id='word_1_287' title='bbox 1142 2302 1276 2361; x_wconf 86' lang='lat' dir='ltr'><strong>alba,</strong></span> <span class='ocrx_word' id='word_1_288' title='bbox 1309 2302 1461 2355; x_wconf 72' lang='lat' dir='ltr'><strong>versus</strong></span> <span class='ocrx_word' id='word_1_289' title='bbox 1483 2311 1678 2360; x_wconf 87' lang='lat' dir='ltr'><strong>caudam</strong></span> <span class='ocrx_word' id='word_1_290' title='bbox 1700 2328 1836 2363; x_wconf 86' lang='lat' dir='ltr'><strong>acuta</strong></span> <span class='ocrx_word' id='word_1_291' title='bbox 1855 2319 1903 2364; x_wconf 74' lang='grc' dir='ltr'><strong>δι</strong></span> 
     </span>
     <span class='ocr_line' id='line_1_32' title="bbox 77 2359 1902 2431; baseline 0.007 -14"><span class='ocrx_word' id='word_1_292' title='bbox 77 2366 216 2418; x_wconf 84' lang='lat' dir='ltr'><strong>fusca.</strong></span> <span class='ocrx_word' id='word_1_293' title='bbox 279 2367 326 2416; x_wconf 87' lang='lat' dir='ltr'>A</span> <span class='ocrx_word' id='word_1_294' title='bbox 349 2380 498 2413; x_wconf 88' lang='lat' dir='ltr'><strong>cornu</strong></span> <span class='ocrx_word' id='word_1_295' title='bbox 523 2359 675 2411; x_wconf 72' lang='lat' dir='ltr'><strong>versus</strong></span> <span class='ocrx_word' id='word_1_296' title='bbox 701 2363 847 2411; x_wconf 88' lang='lat' dir='ltr'><strong>latera</strong></span> <span class='ocrx_word' id='word_1_297' title='bbox 877 2364 1096 2425; x_wconf 88' lang='lat' dir='ltr'><strong>utrinque</strong></span> <span class='ocrx_word' id='word_1_298' title='bbox 1123 2365 1248 2413; x_wconf 84' lang='lat' dir='ltr'><strong>linea</strong></span> <span class='ocrx_word' id='word_1_299' title='bbox 1270 2367 1460 2431; x_wconf 90' lang='lat' dir='ltr'><strong>oblique</strong></span> <span class='ocrx_word' id='word_1_300' title='bbox 1481 2371 1668 2424; x_wconf 86' lang='lat' dir='ltr'><strong>ducitur</strong></span> <span class='ocrx_word' id='word_1_301' title='bbox 1690 2393 1750 2426; x_wconf 85' lang='lat' dir='ltr'><strong>ex</strong></span> <span class='ocrx_word' id='word_1_302' title='bbox 1778 2381 1902 2428; x_wconf 86' lang='lat' dir='ltr'><strong>flavo</strong></span> 
     </span>
     <span class='ocr_line' id='line_1_33' title="bbox 77 2426 1905 2492; baseline 0.011 -18"><span class='ocrx_word' id='word_1_303' title='bbox 77 2433 302 2490; x_wconf 73' lang='lat' dir='ltr'><strong>albicanS,</strong></span> <span class='ocrx_word' id='word_1_304' title='bbox 334 2441 383 2477; x_wconf 90' lang='lat' dir='ltr'><strong>ut</strong></span> <span class='ocrx_word' id='word_1_305' title='bbox 405 2426 592 2477; x_wconf 70' lang='lat' dir='ltr'><strong>etiama</strong></span> <span class='ocrx_word' id='word_1_306' title='bbox 614 2429 764 2489; x_wconf 85' lang='lat' dir='ltr'><strong>capite</strong></span> <span class='ocrx_word' id='word_1_307' title='bbox 783 2428 841 2475; x_wconf 90' lang='lat' dir='ltr'><strong>ad</strong></span> <span class='ocrx_word' id='word_1_308' title='bbox 863 2429 1064 2477; x_wconf 85' lang='lat' dir='ltr'><strong>maculas</strong></span> <span class='ocrx_word' id='word_1_309' title='bbox 1082 2431 1238 2492; x_wconf 84' lang='lat' dir='ltr'><strong>nigras</strong></span> <span class='ocrx_word' id='word_1_310' title='bbox 1257 2431 1308 2479; x_wconf 89' lang='lat' dir='ltr'><strong>in</strong></span> <span class='ocrx_word' id='word_1_311' title='bbox 1327 2436 1503 2484; x_wconf 90' lang='lat' dir='ltr'><strong>annulo</strong></span> <span class='ocrx_word' id='word_1_312' title='bbox 1515 2440 1668 2489; x_wconf 87' lang='lat' dir='ltr'><strong>terti0.</strong></span> <span class='ocrx_word' id='word_1_313' title='bbox 1733 2443 1905 2492; x_wconf 77' lang='lat' dir='ltr'><strong>Annu-</strong></span> 
     </span>
     <span class='ocr_line' id='line_1_34' title="bbox 70 2492 1898 2559; baseline 0.007 -14"><span class='ocrx_word' id='word_1_314' title='bbox 70 2499 131 2552; x_wconf 53' lang='lat' dir='ltr'><strong>,lis</strong></span> <span class='ocrx_word' id='word_1_315' title='bbox 166 2496 341 2544; x_wconf 83' lang='lat' dir='ltr'><strong>duobus</strong></span> <span class='ocrx_word' id='word_1_316' title='bbox 370 2494 518 2555; x_wconf 78' lang='lat' dir='ltr'><strong>capiti</strong></span> <span class='ocrx_word' id='word_1_317' title='bbox 550 2492 778 2557; x_wconf 75' lang='lat' dir='ltr'><strong>proximis</strong></span> <span class='ocrx_word' id='word_1_318' title='bbox 800 2495 856 2542; x_wconf 65' lang='grc' dir='ltr'><strong>δε</strong></span> <span class='ocrx_word' id='word_1_319' title='bbox 890 2492 1082 2555; x_wconf 85' lang='lat' dir='ltr'><strong>reliquis</strong></span> <span class='ocrx_word' id='word_1_320' title='bbox 1112 2495 1369 2549; x_wconf 83' lang='lat' dir='ltr'><strong>minoribus</strong></span> <span class='ocrx_word' id='word_1_321' title='bbox 1399 2501 1538 2551; x_wconf 71' lang='lat' dir='ltr'><strong>nullae</strong></span> <span class='ocrx_word' id='word_1_322' title='bbox 1569 2501 1674 2555; x_wconf 88' lang='lat' dir='ltr'><strong>sunt</strong></span> <span class='ocrx_word' id='word_1_323' title='bbox 1695 2509 1898 2559; x_wconf 62' lang='lat' dir='ltr'><strong>maculae.</strong></span> 
     </span>
    </p>
   </div>
   <div class='ocr_carea' id='block_1_7' title="bbox 25 2554 490 2625">
    <p class='ocr_par' dir='ltr' id='par_1_8' title="bbox 25 2554 490 2625">
     <span class='ocr_line' id='line_1_35' title="bbox 25 2554 490 2625; baseline -0.017 -11"><span class='ocrx_word' id='word_1_324' title='bbox 25 2574 31 2578; x_wconf 80' lang='grc'><em>·</em></span> <span class='ocrx_word' id='word_1_325' title='bbox 75 2560 256 2613; x_wconf 81' lang='lat' dir='ltr'><strong>Venter</strong></span> <span class='ocrx_word' id='word_1_326' title='bbox 276 2554 490 2625; x_wconf 81' lang='lat' dir='ltr'><strong>rubescit.</strong></span> 
     </span>
    </p>
   </div>
  </div>
 </body>
</html>
