2322 3206
916 60 956 149 (
1003 82 1041 150 7
1091 56 1130 148 )

264 229 472 316 cimae,
495 226 584 315 the
608 189 869 297 Chinche,
904 246 961 283 or
977 225 1323 298 Wall-louse3
1357 228 1523 293 Gallis
1547 234 1778 295 Punaile.

225 358 366 408 Ieino
387 349 484 407 fere
504 358 657 408 smilis
671 356 755 420 est,
786 360 947 422 inquit
966 359 1226 426 Mouffetu53
1259 376 1458 426 corpore
1475 364 1775 431 rhomboide,
1807 372 1938 423 colo-

259 439 309 472 re
324 423 469 487 nigro
495 420 663 485 'parum
696 424 911 486 rubente,
944 428 1099 489 capite
1133 423 1422 491 scapulisque
1453 429 1584 493 rufis3
1620 433 1858 485 Antennis
1873 449 1944 487 te-

114 488 299 549 nuibus,
328 486 609 549 proboscide
623 504 722 537 non
747 489 1016 550 convoluta,
1052 486 1130 540 sed
1144 486 1293 539 multo
1310 493 1525 543 breviore
1545 493 1688 558 quam
1712 499 1765 546 in
1791 496 1943 564 sylve-

117 548 301 612 stribus,
334 553 385 601 in
425 564 638 600 ventrem
665 568 765 601 non
787 555 1041 614 recumbit,
1072 566 1122 602 ut
1154 556 1205 603 in
1233 554 1342 616 illis,
1374 553 1452 605 sed
1469 558 1579 608 dum
1606 562 1943 613 animalculum

115 615 240 677 repit
274 616 726 678 perpendiculariter
762 614 861 665 fere
892 616 1137 680 dependet.
1203 619 1352 666 Oculi
1381 623 1514 682 parvi
1552 624 1690 687 nigri.
1755 628 1942 677 Annuli

116 679 235 727 dorsi
256 682 381 728 οᾶο.
446 680 667 730 Medium
683 681 800 729 dorsi
823 684 870 729 δε,
891 682 1063 739 ventris
1087 678 1189 729 fere
1221 683 1461 743 nigricant
1483 689 1643 752 magis.
1709 690 1846 740 Cutis
1858 706 1944 756 ap-

112 741 268 805 prime
296 757 476 804 tenera,
510 758 562 792 ut
595 745 668 792 vel
698 743 922 793 leviffimo
951 746 1171 793 contadstu
1200 760 1360 808 crepet
1379 749 1547 796 media·
1607 753 1942 817 Foetoremque

113 805 322 856 maxime
334 808 700 871 abominandum
718 809 914 872 expiret.
966 808 1157 874 ‚Figurae
1185 807 1251 857 est
1271 809 1565 872 Sphaeroidis.
1627 816 1786 866 Plures
1809 820 1941 869 simul

110 871 275 919 vivunt
297 872 550 984 {pariunt
579 873 634 922 in
669 887 910 922 murorum
938 869 1259 923 foraminibus.
1323 875 1504 927 Lucem
1518 876 1776 929 Blattarum
1794 884 1938 933 modo

110 950 210 985 non
234 950 293 997 pe
338 951 427 994 ert,

173 996 329 1061 Hujus
361 1002 548 1063 generis
578 1015 723 1049 unam
755 996 940 1050 tantum
969 998 1175 1064 speciem
1211 1001 1441 1052 novimus.
1507 1004 1566 1053 In
1594 1006 1723 1053 Italia
1744 1005 1941 1070 aliisque

111 1064 382 1125 regionibus
421 1065 736 1125 calidioribus,
780 1064 914 1113 valde
952 1064 1136 1115 molesti
1174 1062 1295 1124 sunt,
1347 1067 1398 1115 in
1428 1069 1591 1131 Anglia
1628 1073 1785 1133 paucis
1818 1075 1938 1122 noti.

110 1127 408 1178 Munditiem
438 1127 829 1190 frequentemque
859 1129 1198 1177 lectulorum&
1216 1131 1525 1179 culcitrarum·
1538 1133 1786 1196 lotionem,
1826 1153 1935 1186 cum

110 1191 224 1238 Galli
237 1195 437 1239 Germani
456 1195 504 1241 sc
528 1192 633 1238 Itali
644 1188 798 1239 minsis
820 1205 1006 1251 curant,
1036 1193 1226 1253 pariunt
1249 1193 1398 1256 magis
1430 1194 1554 1243 hanc
1582 1194 1771 1258 pestem.
1834 1201 1938 1249 An-

108 1255 180 1315 gli
211 1267 367 1303 autem
384 1255 704 1304 munditiei&
725 1250 874 1303 cultt'is
906 1252 1229 1315 studiofiffimi,
1261 1252 1408 1304 rarius
1424 1258 1478 1305 iis
1494 1259 1723 1309 laborant.
1789 1263 1939 1326 Mouf-

98 1317 180 1380 fit.
211 1320 319 1380 Ego
340 1319 393 1366 in
416 1319 472 1366 iis
502 1319 771 1382 regionibus
791 1319 902 1367 ideo
923 1319 1161 1369 abundare
1176 1317 1413 1382 existimo,
1443 1317 1573 1385 quod
1595 1324 1725 1374 calor
1748 1328 1794 1375 δε
1819 1339 1938 1378 tem-

106 1383 257 1445 peries
272 1383 391 1432 acris
407 1397 569 1432 eorum
586 1383 893 1448 generationi
907 1384 1055 1447 magis
1077 1384 1309 1448 propitius
1323 1385 1388 1434 fit.

198 1512 408 1564 Ricinus
425 1511 662 1584 Hi’xapus
686 1511 729 1566 C
729 1511 864 1590 igniti
878 1508 1130 1564 leei‘ulario
1138 1509 1336 1584 similis,
1377 1507 1467 1565 the
1481 1505 1836 1572 Goose·louse.

165 1582 211 1624 F.
228 1580 464 1689 Wbimice
476 1636 637 1689 differt
651 1641 797 1690 odore
807 1639 1006 1690 minime
1022 1653 1162 1702 tetre,
1183 1641 1353 1692 deinde
1369 1644 1497 1706 quod
1512 1661 1678 1709 corpus
1694 1662 1794 1698 non
1814 1649 1933 1700 adeo

286 1705 432 1753 molle
449 1705 517 1764 sit,
552 1703 792 1768 magisque
808 1704 1069 1769 depressum
1084 1711 1131 1756 ὅτ,
1153 1707 1361 1769 planum.

173 1765 371 1817 Ricinos
402 1765 590 1829 insuper
618 1770 902 1832 Hexapodes
935 1771 1294 1833 Querquedulas
1314 1773 1363 1821 δε
1387 1771 1644 1825 Tetraones
1663 1774 1932 1828 infestantes

106 1832 407 1889 meminit-D.
423 1828 671 1898 Willughby,
703 1832 780 1884 sed
801 1851 901 1883 non
923 1833 1157 1886 describit.
1202 1849 1205 1852 ⁴

710 1978 714 1980 ‘
792 1953 955 2007 Pulex
980 1956 1220 2029 vulgaris.

137 2030 246 2073 Mou
283 2038 333 2072 et.
350 2029 397 2074 F.
414 2032 480 2075 W.
1077 2066 1081 2072 .

210 2024 376 2138 Ufllrices
395 2092 623 2152 vulgares,
657 2089 946 2142 describente
958 2091 1176 2154 Mouffieto,
1208 2107 1349 2155 parva
1364 2090 1471 2141 sunt
1492 2094 1810 2156 Animalcula,
1844 2111 1925 2158 pe«

244 2155 506 2202 diculorum
521 2157 867 2216 magnitudine,
897 2157 1116 2204 molliore
1141 2172 1299 2205 tamen
1320 2172 1537 2218 corpore,
1571 2156 1708 2207 dorso
1727 2158 1923 2221 gibboso

107 2220 155 2266 &
175 2215 273 2266 fere
294 2218 522 2278 porcin03
561 2219 694 2266 color
722 2235 886 2268 eorum
917 2221 1121 2284 nigricat
1154 2236 1259 2267 cum
1294 2218 1553 2283 splendore.
1619 2224 1782 2271 Pectus
1808 2237 1918 2273 ven-

102 2281 271 2343 terque
293 2296 351 2328 ex
364 2282 502 2342 nigro
526 2283 707 2330 flavent.
769 2281 1032 2332 Posteriora
1055 2281 1259 2331 cruscula
1273 2298 1482 2332 ventrem
1503 2280 1653 2333 versus
1681 2288 1925 2336 refleecun«

106 2349 201 2405 t'ur,
234 2345 470 2395 anteriora
504 2341 617 2392 vero
654 2346 712 2392 ad
749 2348 923 2408 pestus,
956 2348 1306 2410 quadrupedum
1340 2364 1483 2396 more.
1543 2351 1774 2398 Extremae
1800 2351 1921 2399 tibiae

107 2409 275 2469 bifidae,
305 2423 502 2467 uncatae,
533 2423 693 2463 acutae,
726 2415 772 2458 δε
796 2411 917 2472 quali
937 2426 1116 2459 corneae
1150 2413 1382 2471 videntur,
1413 2428 1513 2459 non
1536 2409 1683 2462 solum
1708 2428 1759 2462 ut
1782 2416 1920 2462 certi*

107 2469 158 2521 sis
178 2470 399 2520 scandant
420 2470 674 2533 sublimius,
707 2471 783 2521 sed
806 2476 944 2533 etiam
968 2475 1329 2536 utglabrae'cuti,
1362 2473 1552 2536 aliisque
1584 2480 1715 2526 rebus
1747 2475 1920 2526 firmius

109 2537 332 2584 insideant
353 2550 490 2596 atque
511 2536 778 2585 inhaereant.
842 2540 1000 2599 Caput
1031 2540 1122 2587 illis
1142 2541 1362 2604 exiguum
1383 2560 1399 2600 3
1447 2556 1496 2586 os
1516 2555 1616 2589 non
1637 2541 1917 2602 forcipatum
1965 2548 1970 2552 '

108 2600 303 2657 habent,
335 2597 409 2646 sed
433 2597 669 2661 torosum3
703 2603 877 2649 collum
890 2600 1255 2664 breviusculum3
1292 2605 1367 2651 cui
1384 2604 1580 2650 Murcus
1605 2606 1792 2665 quidam
1814 2606 1915 2654 An‹

110 2664 210 2727 glus
243 2660 563 2720 (subtiliomni
586 2681 728 2726 opera
751 2663 1064 2728 peritisfimus)
1098 2682 1312 2714 catenam
1341 2682 1523 2713 auream
1557 2669 1692 2728 digiti
1713 2668 1917 2729 longitu-

110 2729 240 2787 dine,
276 2724 368 2776 una
381 2742 486 2776 cum
500 2725 598 2777 sera
616 2733 661 2779 δε
682 2730 819 2791 clavi,
852 2743 984 2779 tanto
1002 2732 1235 2794 adaptavit
1255 2731 1469 2795 ingenio,
1503 2746 1643 2791 atque
1671 2746 1724 2781 ea
1740 2728 1915 2780 subtili-

1807 2808 1922 2850 tate„
