2322 3206
888 81 1170 177 (367)

97 186 612 264 p'un'storumalborum
629 204 715 256 per
735 202 883 241 totam
907 193 1118 261 corporis
1152 194 1508 262 longitudinem(
1520 205 1749 272 extensus,
1780 212 1917 278 supe-

98 258 292 306 rioribus
306 257 554 317 majoribus
570 261 617 306 δε
634 257 921 306 clarioribus.

159 321 458 381 Martagonis
491 319 618 370 foliis
643 322 902 382 vistitabat,
934 326 981 371 δε
1015 325 1307 385 praecedente
1346 327 1488 392 paulo
1510 334 1763 393 praecOcior
1798 329 1909 392 erat.

93 384 154 432 In
174 385 330 432 adulta
352 389 399 434 δε
442 387 694 435 mutationi
724 384 943 449 proxima
974 391 1147 451 puncta
1177 391 1282 440 alba
1307 391 1586 457 disparuere,
1632 414 1722 451 nec
1751 403 1803 453 in
1841 404 1912 468 ju..

90 448 227 498 niore
250 463 493 512 apparent,
558 451 701 514 Apud
717 458 775 501 D.
792 453 926 501 Allen.

309 596 350 627 1.
386 582 524 626 Eruca
541 583 754 627 Geometra
770 581 904 643 major
923 579 1051 646 bipes,
1083 580 1371 647 bacillififrmis
1387 586 1657 642 atro-rubens.-

85 699 289 824 ERat
314 705 412 754 haec
446 706 560 754 duos
591 701 841 754 minimum
863 707 1034 768 digitos
1052 708 1216 772 longa,
1249 713 1455 763 culmum
1473 715 1614 767 craffa
1636 730 1717 768 aut
1737 719 1905 784 major,

216 770 386 819 colore
406 768 601 818 obscure
616 770 814 819 rubente
832 767 909 820 seu
927 787 986 822 ex
997 774 1139 822 rubro
1158 776 1423 837 nigricante
1446 800 1459 839 3
1494 777 1601 830 curn
1619 785 1821 833 adultior
1837 787 1904 836 est

83 831 263 881 cinerei
284 833 508 883 nonnihil
524 832 741 882 ostendit.
807 836 950 884 Pedes
968 835 1048 886 sex
1068 841 1324 889 anteriores
1346 844 1489 905 capiti
1508 848 1711 907 proximi
1723 845 1827 897 sunt
1851 853 1903 900 in

85 908 298 946 extremo
315 913 515 960 corpore
535 899 727 959 unicum
744 899 1132 950 duntaxat-habet
1144 905 1314 964 pedum
1332 920 1434 967 par,
1467 924 1631 970 praeter
1647 915 1800 960 caudae
1821 905 1904 976 apss¹

81 962 321 1022 pendices.
385 963 444 1010 In
465 963 649 1024 singulis
669 963 851 1011 annulis
871 981 903 1024 4
920 963 1059 1014 habet
1082 970 1253 1027 puncta
1275 970 1538 1021 flavicantia
1559 976 1606 1022 in
1640 978 1902 1038 peripheria

82 1026 311 1075 circulare
333 1022 519 1074 dorsum
533 1025 783 1075 ambiente.
845 1027 992 1090 Supra
1014 1042 1153 1091 caput
1167 1033 1405 1093 quandam
1414 1036 1541 1084 velut
1557 1038 1720 1086 vittam
1738 1043 1903 1090 flavam

80 1089 278 1141 obtinet.
310 1089 652 1152 An.93.n.12.
715 1091 829 1139 Erat
849 1091 948 1140 haec
966 1091 1177 1154 foemina,
1209 1110 1320 1145 nam
1355 1113 1449 1146 mas
1479 1102 1789 1163 proculdubio
1808 1105 1906 1154 ala-

80 1164 151 1202 tus
171 1152 253 1202 est.
317 1155 459 1202 Forte
482 1157 529 1203 &
545 1153 644 1202 haec
661 1154 753 1202 alas
786 1170 886 1204 non
911 1157 1178 1220 explicavit.
1240 1159 1383 1223 Supra
1407 1177 1547 1227 caput
1565 1166 1711 1226 plura.
1776 1169 1904 1216 Cor-

79 1231 197 1280 pore
209 1214 401 1268 extenso
416 1218 608 1281 pedibus
640 1216 971 1281 posterioribus
1000 1225 1047 1270 δε
1084 1223 1315 1285 prioribus
1347 1226 1514 1275 innixa
1549 1227 1713 1278 sedet:
1744 1233 1901 1282 Facies

79 1283 208 1332 velut
224 1283 459 1345 triangula
473 1296 685 1346 apparet,
715 1285 900 1346 angulis
919 1285 971 1333 in
986 1281 1163 1334 summa
1184 1289 1313 1336 velut
1333 1291 1548 1340 auriculis
1564 1295 1843 1343 extantibus

75 1409 103 1458 d
141 1344 277 1396 Rosae
314 1344 618 1396 Damascenae
639 1345 752 1395 folia
774 1344 1054 1414 depascitur,
1084 1362 1137 1401 ¹ut
1159 1354 1206 1399 δι’,
1228 1351 1464 1415 Quereris,
1497 1358 1544 1404 δε
1566 1356 1643 1405 fila
1664 1355 1897 1421 perpetuo

109 1425 218 1460 ucit.

142 1474 348 1542 Augusti
362 1475 523 1524 mensis
536 1474 695 1522 medio
713 1472 842 1523 Ann.
864 1477 1001 1536 1692.
1033 1476 1084 1524 in
1105 1475 1346 1528 Aureliam
1381 1481 1694 1545 nigricantem
1726 1497 1902 1534 mutata

76 1535 159 1601 est,
193 1541 326 1590 nullo
359 1539 574 1589 folliculo
614 1534 864 1598 inclusam,
896 1554 997 1601 quae
1025 1541 1202 1603 Aprilis
1222 1539 1452 1605 sequentis
1475 1546 1615 1594 initio
1634 1548 1901 1598 Phalaenam

73 1603 289 1664 exclufit3
316 1619 514 1666 corpore
532 1600 698 1661 eraflb,
731 1600 875 1651 denso
903 1604 1110 1666 pilorum
1141 1607 1457 1669 oblongorum
1488 1608 1722 1659 fulvorum
1758 1614 1900 1662 velle-

72 1682 125 1715 re
145 1668 327 1718 vestito.
392 1669 493 1719 Alae
515 1664 783 1715 breviffimae
804 1682 955 1728 erant,
987 1669 1044 1716 ad
1072 1670 1324 1719 volandum
1347 1673 1548 1722 omnino
1579 1676 1787 1737 inutiles,
1817 1693 1900 1725 ex·

71 1734 232 1782 tremis
269 1734 391 1793 latiS,
423 1732 586 1781 colore
623 1728 752 1779 fulvo
783 1731 932 1793 nigris
969 1733 1161 1782 maculis
1198 1737 1347 1796 vario,
1379 1737 1476 1785 imo
1508 1740 1722 1801 margine
1741 1742 1894 1804 nigr0.

71 1797 272 1846 Alarum
283 1797 561 1846 interiorum
582 1810 734 1857 prona
755 1792 896 1844 facies
916 1794 1076 1859 aliqua
1088 1799 1194 1845 flavi
1216 1812 1295 1847 aut
1326 1801 1412 1847 rufi
1433 1802 1635 1851 tinctura
1662 1804 1895 1854 imbuitur.

53 1862 215 1910 Pedes
227 1862 520 1911 albicante&
534 1859 673 1920 nigro
693 1859 957 1909 annulatim
971 1861 1216 1926 variegati,
1249 1864 1376 1924 quod
1396 1865 1720 1927 Papilionibus
1739 1869 1897 1917 multis

68 1940 320 1974 commune
336 1923 414 1974 cst,
446 1925 542 1974 An.
563 1940 643 1983 92.
661 1939 708 1971 n.
726 1927 800 1972 16.

70 2069 115 2101 2.
146 2055 289 2099 Eruca
305 2047 591 2112 barillifhrmis
611 2047 719 2111 bipes
736 2053 944 2110 maxima,
974 2047 1180 2110 virescens
1193 2068 1286 2099 cum
1305 2056 1498 2116 purpurei
1512 2057 1716 2119 tinblura,
1738 2058 1890 2106 duobm

531 2116 577 2159 in
598 2112 794 2160 lateribus
809 2113 1028 2162 tuberculis
1043 2115 1440 2179 purpurascentibus.

192 2241 293 2291 Uas
313 2241 474 2289 uncias
490 2239 787 2303 longitudine
807 2237 990 2304 superat
1021 2245 1069 2290 82
1097 2243 1155 2290 ad
1180 2259 1342 2306 pennae
1367 2241 1606 2295 Anserinae
1629 2243 1883 2296 crassitudi-

222 2320 335 2355 nem
355 2304 551 2354 accedit.
617 2306 771 2353 Color
792 2303 968 2368 pallide*
982 2305 1142 2355 viridis
1158 2322 1266 2356 curn
1300 2310 1393 2357 levi
1422 2325 1632 2372 purpurae
1663 2312 1879 2360 tinctura.

66 2373 228 2435 Caput
243 2368 475 2420 summum
506 2367 581 2427 (ut
600 2368 654 2417 in
684 2369 873 2432 reliquis
905 2372 1268 2433 congeneribus)
1300 2374 1352 2421 in
1389 2374 1504 2422 duos
1539 2376 1734 2437 angulos
1755 2375 1882 2424 velut

64 2437 292 2485 auriculas
324 2447 403 2482 aut
431 2447 610 2481 cornua
641 2434 876 2483 dividitur.
941 2435 1123 2482 Totum
1139 2449 1296 2483 autem
1317 2450 1458 2500 caput
1473 2438 1618 2487 diluto
1638 2436 1882 2501 purpurasm

64 2501 145 2548 cit.
211 2496 367 2561 Prope
387 2497 583 2544 caudam
613 2498 809 2547 annulus
847 2499 1111 2547 dimidiatus
1144 2499 1480 2562 purpurascens
1498 2518 1606 2551 cum
1623 2504 1806 2551 lineolis
1827 2503 1877 2549 in

65 2563 223 2612 medio
240 2563 411 2610 duabus
429 2560 629 2622 obliquis
645 2577 703 2610 ex
723 2563 831 2612 albo
852 2560 1297 2624 purpurascentibus.
1365 2566 1534 2614 Tertio
1562 2563 1765 2628 superius
1791 2581 1876 2613 arx-0

65 2627 181 2676 nulo
215 2623 519 2674 innascuntur
556 2627 796 2675 tubercula
828 2624 1209 2687 purpurascentia
1247 2629 1376 2690 bina,
1418 2629 1532 2677 hinc
1569 2628 1679 2678 inde
1712 2645 1871 2686 unum,

64 2687 207 2752 paulo
226 2687 363 2753 supra
377 2690 524 2738 lineas
542 2690 752 2738 laterales
772 2691 908 2738 elatas
928 2688 1147 2742 flexuosas
1168 2688 1351 2742 dorsum
1370 2696 1415 2743 &
1437 2707 1651 2746 ventrem
1663 2694 1872 2743 dividen-

63 2767 133 2804 tes
150 2756 292 2805 Pedes
307 2754 557 2804 anteriores
572 2752 923 2818 purpurascunt.
1460 2781 1462 2783 -

918 2856 940 2879 ι
1769 2822 1794 2862 S
1801 2835 1819 2865 ζ’
1826 2834 1861 2878 F*
