2322 3206
885 21 1139 141 (55)

686 191 887 247 Cimices
921 192 1088 273 figurae
1127 193 1373 266 longioris.

107 329 255 375 Cimex
274 319 495 387 sjlvesiris
525 325 660 370 minor
693 338 846 388 corpore
884 325 1053 436 angilasto
1093 323 1274 436 oglongo,
1305 323 1427 372 colore
1450 321 1609 388 desuper
1629 325 1766 387 rubro,
1797 309 1944 390 nigris·

849 405 971 435 macu
991 409 1026 437 Η
1060 404 1124 454 PIC
1147 407 1181 437 0·

212 515 353 564 Rona
377 530 480 578 pars
498 526 598 563 tota
622 515 768 564 rubet.
833 516 892 565 In
923 532 981 564 eo
1003 529 1155 565 autem
1179 531 1320 578 quem
1339 518 1404 566 D.
1424 517 1654 582 Willughby
1681 511 1933 582 descripsit,

244 580 294 628 in
317 594 480 642 ventre
503 579 623 627 ordo
645 594 744 629 erat
765 581 988 642 utrinque
1007 582 1295 629 macularum
1313 583 1571 645 nigrarum

166 640 318 705 Hujus
334 641 538 706 speciem
556 645 824 707 longiorem
842 647 886 692 δε
905 641 1130 707 majorem
1147 641 1405 693 observavit
1428 648 1492 695 D.
1507 645 1772 708 Willughby:
1805 640 1933 705 cujus

103 721 316 756 antenna:
338 708 519 756 annulis
542 708 730 758 alternis
753 710 867 760 albis
889 710 936 757 δε
952 709 1097 770 nigris
1117 709 1348 758 bicolores
1367 730 1382 770 3
1416 711 1547 759 limbi
1569 715 1653 773 qui
1672 707 1760 771 sub·
1775 709 1933 772 elytris

101 786 330 835 apparent
350 769 535 821 sordide
553 769 682 821 fusci.
869 788 874 790 ·

162 902 312 946 Cimex
330 898 573 963 sylvestris,
594 899 749 964 figure?
763 899 974 964 longioris,
1004 900 1248 966 praecedenti
1267 899 1435 963 similis,
1459 897 1677 961 sedmtilto
1700 908 1845 967 major.

97 1025 323 1150 TRes
344 1040 527 1088 quartas
548 1028 699 1088 unciae
716 1028 883 1092 longus
910 1028 1004 1091 est,
1035 1029 1209 1090 ubique
1236 1025 1332 1076 fere
1353 1030 1522 1091 ruber,
1551 1026 1629 1079 sed
1661 1032 1713 1078 in
1734 1030 1930 1096 scapulis

262 1106 376 1139 areae
398 1092 495 1138 duae
518 1093 619 1141 latae
646 1093 806 1154 nigrae,
838 1097 884 1142 Se
906 1095 998 1142 alia
1024 1095 1119 1141 lata
1142 1089 1393 1157 transversa
1424 1092 1504 1143 sub
1530 1096 1790 1158 triangulo.
1849 1100 1927 1146 Fi-

97 1170 223 1219 gurae
243 1153 310 1204 est
330 1154 526 1216 latioriS,
557 1153 756 1218 scapulis
779 1158 926 1220 magis
948 1152 1190 1219 depreffis‘g‘
1213 1157 1333 1216 latis,
1364 1161 1453 1216 Sec.

94 1288 249 1355 Cimex
271 1286 580 1355 praecedentibus
596 1287 746 1339 duobus
756 1289 937 1354 similis,
967 1291 995 1338 a*
1012 1295 1143 1357 primo
1161 1245 1458 1355 figurdamagis
1480 1291 1671 1357 depreffci,
1703 1295 1730 1342 ci
1742 1291 1920 1355 secundo

150 1420 190 1461 F
206 1388 272 1462 W
513 1380 515 1383 .
808 1355 1002 1402 coloribus
1023 1354 1231 1418 differens.

89 1475 102 1540 l
261 1475 424 1525 Primo
438 1471 614 1535 differt,
647 1472 780 1537 quod.
796 1486 935 1538 caput
956 1476 1008 1524 in
1031 1475 1197 1525 eodem
1225 1476 1277 1524 fit
1298 1491 1405 1524 cum
1416 1473 1725 1541 dorso‘plenO.
1789 1483 1836 1532 A
1858 1480 1925 1531 se-

271 1539 430 1588 cundo
451 1539 623 1589 colore.
689 1542 869 1603 Caput,
900 1553 1132 1601 antennae,
1173 1541 1313 1603 pedes
1333 1541 1507 1606 nigra:
1548 1542 1753 1606 Scapulae
1778 1548 1926 1609 nigrae

92 1606 242 1657 limbo
267 1604 410 1653 rubro
438 1604 612 1663 tineiae,
642 1605 904 1669 triangulus
941 1605 1151 1655 anterior
1184 1607 1338 1668 niger,
1369 1607 1579 1656 laterales
1600 1610 1729 1657 rubri
1751 1611 1924 1660 duabus
1967 1653 1970 1657 ,

94 1669 285 1721 maculis
311 1668 458 1730 nigris
483 1668 646 1728 timisi,
685 1683 888 1730 quorum
916 1668 1111 1719 inferior
1138 1667 1288 1731 multo
1315 1666 1504 1731 major.'
1543 1671 1749 1722 Dorsum
1770 1671 1922 1724 subtus

91 1736 280 1797 nigrum
312 1732 461 1781 limbo
496 1732 652 1780 rubro,
719 1735 897 1783 Venter
935 1736 1101 1799 niger,
1130 1735 1307 1783 annulo
1333 1732 1463 1795 juxta
1499 1736 1723 1798 podicem
1752 1741 1920 1790 rubro:

90 1798 255 1850 annuli
278 1797 402 1845 inter
427 1796 566 1858 pedes
588 1797 730 1846 rubri.
1920 1812 1928 1820 “

91 1932 238 1977 Cimex
252 1916 682 1990 praece‘dentifimilis,
705 1922 785 1984 sed
806 1942 846 1972 1.
878 1930 1045 1975 Minor.
1110 1943 1154 1973 2.
1187 1928 1333 1972 Venire
1344 1923 1434 1989 fere
1449 1938 1528 1971 toto
1550 1926 1741 1976 rubente.-
1794 1942 1831 1987 3.
1866 1933 1915 1974 In

155 1988 382 2052 triangulis
415 1986 655 2035 lateralibus
685 1993 807 2036 unica
832 1992 996 2037 tantiam
1014 1989 1179 2037 macula
1204 1992 1328 2050 nigra
1351 1990 1501 2052 pistus,
1534 2009 1611 2037 non
1629 1991 1799 2039 duabus.
1863 1998 1913 2039 In

154 2056 321 2117 reliquis
344 2055 549 2100 convenit.

195 2180 340 2228 Lures
368 2178 530 2227 adhuc.
549 2179 661 2226 alias
690 2179 932 2228 Cimicurn
955 2177 1253 2242 Sylvestrium
1285 2179 1440 2241 figurae
1472 2179 1700 2244 longioris
1737 2180 1911 2246 species

226 2240 442 2292 describit
471 2243 535 2291 D.
562 2244 816 2307 Willughby,
840 2258 883 2289 v.
897 2251 943 2304 g.
976 2242 1143 2302 secundi
1171 2243 1384 2291 varietati
1411 2244 1602 2292 fimilem
1615 2282 1632 2305 ,
1663 2244 1740 2294 sed
1761 2245 1910 2308 majo-

89 2324 215 2368 rem,
248 2307 485 2369 triangulo
508 2302 604 2353 'sub
635 2304 833 2370 scapulis·
865 2307 1024 2367 nigro,
1055 2308 1322 2355 lateralibus
1348 2304 1635 2370 rufo-fuscis,
1667 2326 1774 2359 cum
1798 2310 1905 2360 stria

0 2410 10 2414 -
90 2372 320 2422 albicante
337 2370 551 2421 interiori
568 2372 746 2421 latere:
780 2370 978 2419 Pedibus
993 2370 1158 2436 nigris,
1191 2373 1249 2420 ad
1270 2371 1490 2421 articulos
1510 2372 1637 2422 albis.

538 2502 685 2545 Cimex
707 2496 787 2543 olis
805 2498 1019 2559 brevibus,
1049 2498 1162 2546 odore
1180 2504 1397 2547 teterrima

152 2568 200 2610 F.
215 2567 280 2610 W.

200 2616 451 2690 Ongitudo
478 2622 574 2673 fere
592 2621 899 2674 semuncialis.
964 2626 1199 2676 Antennae
1224 2627 1366 2676 etiam
1377 2642 1514 2690 aequae
1532 2627 1628 2680 fere
1647 2631 1905 2693 longitudi-

229 2691 318 2752 nis„
347 2705 407 2741 ex
423 2690 566 2741 tribus
588 2690 790 2755 articulis
812 2687 1086 2742 constantes.
1152 2689 1310 2742 Dorso
1333 2691 1398 2744 est
1425 2691 1795 2754 crasso-tumidO,
1825 2692 1909 2766 sed

506 2777 509 2779 ·
1760 2773 1914 2807 versus
