2322 3206
1101 14 1105 16 .
1179 67 1475 170 (¹34)

386 194 553 242 liceret
568 190 650 238 uti.
715 187 829 237 Hoc
855 187 907 236 in
930 180 1063 234 causa
1080 179 1172 230 effe
1194 182 1396 230 arbitrer
1429 180 1611 240 (inquit
1625 180 1897 242 Goedartim)
1931 196 2012 230 cur
2025 181 2229 245 quoties·

390 271 581 317 cunque
611 254 891 302 alimentum
929 247 955 295 ὲ
987 248 1172 297 floribus
1201 242 1462 306 exsugunt‚
1507 260 1747 313 nunquam
1775 246 1880 294 illis*
1897 246 2090 295 inlidere
2099 284 2117 309 ,
2151 246 2230 298 sed
2294 292 2296 295 ,

389 320 570 382 semper
590 318 749 367 volare
768 312 1132 375 conspiciantur.
1188 310 1336 369 Quod
1350 309 1539 369 quidem
1556 309 1798 356 oblervatu
1815 309 2129 370 dignissimum
2149 311 2230 361 est.

455 384 670 433 foemina
690 381 837 441 magis
858 377 1050 425 decolor
1070 372 1134 422 est
1150 393 1166 435 ,-
1198 375 1331 422 lineae
1352 375 1450 420 duae
1478 373 1624 435 nigrae
1655 370 1918 431 transversae
1949 375 2003 422 in
2038 376 2120 424 alis
2150 379 2231 425 vix

393 445 651 513 apparent,
703 459 793 492 nec
827 442 1080 489 admodum
1106 436 1367 503 conspicuae
1399 434 1505 486 sunt
1536 438 1725 486 maculae
1767 438 1818 485 in
1851 439 2069 486 lateribus
2106 440 2233 491 albae.

396 517 529 575 Quas
550 510 630 560 hic
658 507 861 558 Notleiae
884 501 1019 567 hujus
1045 504 1229 568 generis
1257 504 1419 552 nae'cus
1437 499 1538 551 sum
1559 503 1683 551 inter
1704 502 1957 552 volandum
1987 501 2235 554 stridorem

394 578 575 629 nullum
598 574 818 632 edebant,
849 585 940 619 nec
961 569 1168 620 interdiu
1197 581 1308 617 ante
1329 563 1570 632 vesperam
1591 568 2020 617 circumvolitantes
2039 569 2152 617 vidi.

394 733 439 765 2.
475 711 638 777 Papilio
656 710 872 775 pratensis,
900 708 983 756 alis
1013 706 1219 771 pendulis,
1250 711 1406 769 minor,
1436 720 1590 771 corpore
1621 701 1743 766 craffb
1768 696 1907 768 nigro,
1930 703 2234 755 ..alis.externis

521 795 571 825 ex
593 776 754 824 caeruleo
774 774 1081 839 nigricantibus
1104 791 1198 821 cum
1220 772 1398 821 maculis
1410 770 1671 836 sanguineis.
1733 766 1860 820 Mus.
1875 772 1976 819 Pet.
1993 787 2102 833 230.

543 894 646 947 LAE
680 897 927 946 interiores
958 895 1129 944 coloris
1153 891 1398 958 sanguinei
1425 890 1547 953 sunt,
1579 891 1867 954 marginibus
1891 903 2051 941 tamen
2073 893 2240 956 nigro-

576 961 799 1012 coeruleis.
858 961 1066 1010 Maculae
1081 957 1341 1022 sanguineae
1369 961 1420 1008 in
1444 958 1750 1007 exterioribus
1772 957 1855 1004 alis
1875 972 2074 1006 numero
2099 958 2239 1020 quin-

397 1042 490 1089 que
528 1024 659 1093 sunt‚
709 1040 802 1076 tres
831 1020 982 1074 versus
1009 1027 1147 1073 ,alam
1182 1037 1471 1085 extremam,
1510 1038 1615 1071 una
1651 1022 1824 1085 duplex
1851 1038 2002 1085 prope
2036 1019 2240 1084 ejusdem

396 1105 625 1140 exortum.
1430 1104 1434 1108 ·
2040 1112 2044 1116 -

460 1157 614 1208 Eruca
636 1153 969 1218 huic'praevia‚
1004 1168 1064 1201 ex
1093 1147 1419 1200 observatione
1447 1151 1511 1198 D.
1529 1149 1788 1212 ῑνὶἰῖωὲὸᾷγ,
1822 1148 1969 1199 craffa
1995 1148 2239 1202 &iobefior

397 1221 572 1269 caeteris
588 1219 787 1279 videtur,
819 1219 965 1278 variis,>
979 1217 1154 1274 herbis,
1184 1219 1230 1262 δι’,
1259 1216 1384 1262 inter
1406 1216 1516 1262 alias
1545 1213 1836 1276 Fil'pendula
1860 1211 2074 1262 vescitur.
2141 1216 2242 1267 Ca·
2306 1250 2313 1255 s

397 1297 483 1348 put
504 1298 697 1348 parvum
719 1284 932 1347 nigrum,
961 1282 1090 1344 quod
1107 1280 1181 1328 vel
1206 1280 1370 1328 leviter
1383 1281 1559 1327 taetum
1581 1275 1735 1327 subito
1753 1279 2012 1327 retrahit&
2028 1277 2110 1328 sub
2133 1293 2242 1327 cor-

398 1365 482 1412 pus
504 1344 761 1397 abscondit.
827 1347 919 1395 Pili
933 1348 977 1395 ei
1000 1347 1162 1394 breves
1178 1344 1448 1392 albicantes,
1513 1345 1695 1392 Totum
1707 1358 1877 1406 corpus
1894 1345 2081 1405 flavum,
2113 1362 2146 1407 4
2163 1360 2241 1393 or-

397 1413 581 1463 dinibus
602 1412 891 1460 macularum
911 1411 1155 1472 nigrarum
1175 1421 1410 1456 ornatum.

463 1474 616 1539 Hujus
638 1476 832 1526 Aurelia
864 1475 1003 1538 nigra
1033 1475 1092 1529 in,
1109 1473 1246 1521 theca
1261 1473 1398 1532 flava,
1429 1467 1563 1522 serici
1594 1469 1736 1519 instar
1753 1468 2048 1534 splendente,
2081 1471 2241 1521 culmo

400 1543 645 1605 gramineo
667 1541 804 1590 affixa
822 1540 992 1601 latitat,
1027 1536 1181 1600 estque
1195 1537 1247 1585 in
1261 1538 1404 1600 pratis
1428 1539 1476 1584 δε
1497 1534 1678 1600 pascuis
1702 1534 1948 1598 frequens.-

406 1688 445 1734 3.
479 1670 642 1735 Papilio
659 1683 823 1733 parva,
853 1668 936 1717 alis
949 1667 1158 1734 pendulis,
1186 1681 1342 1726 corpore
1363 1661 1420 1717 c&
1447 1664 1529 1713 alis
1552 1663 1731 1728 undique
1748 1664 1984 1728 viridibus,
2017 1679 2091 1714 aut
2117 1683 2242 1715 coeru-

1070 1733 1164 1793 leis,
1197 1729 1326 1780 Mus.
1343 1733 1446 1780 Pet.
1462 1749 1570 1794 229.

514 1863 720 1926 Orporis
736 1860 870 1910 color
884 1856 1028 1924 paulo
1043 1860 1268 1908 intensior
1289 1857 1356 1908 est
1370 1857 1512 1922 quam
1529 1859 1772 1921 alarum,&
1786 1857 1921 1910 serici
1935 1858 2080 1908 instar
2089 1856 2245 1924 splen-L

545 1931 640 1977 det.
702 1926 804 1975 Alae
825 1928 1191 1975 membranaceae
1221 1922 1446 1973 leviffimo
1469 1926 1595 1972 tastu
1619 1924 1820 1975 farinam
1843 1925 1920 1973 cui
1941 1926 2075 1973 color
2101 1925 2246 1981 inhae-

403 2008 476 2043 ret
501 1994 737 2043 amittunt.
805 1988 978 2053 Figura
1007 1989 1238 2051 corporiS,
1269 1990 1467 2049 alarum,
1500 1992 1547 2038 ὅτ,
1568 2003 1878 2040 antennarum
1902 1990 2244 2053 praecedentem

404 2057 566 2121 refert,
597 2058 824 2106 duntaxat
845 2060 1006 2108 minor
1019 2052 1106 2113 est,
1137 2056 1185 2102 &
1207 2054 1369 2103 colore
1391 2050 1562 2104 differt.
2016 2094 2020 2098 ,

473 2124 615 2173 Sexus
647 2120 883 2183 (utputo)
916 2119 1150 2171 coloribus
1172 2115 1418 2179 differunt,
1443 2120 1561 2171 alter
1576 2119 1737 2169 viridis
1753 2118 1838 2181 est,
1869 2118 1986 2169 alter
2006 2119 2247 2171 coeruleus·

409 2189 556 2240 Circa
577 2187 719 2238 finem
731 2185 866 2247 junii
880 2197 1074 2245 exeunt,
1104 2195 1184 2231 aut
1205 2179 1342 2232 citius
1358 2199 1445 2247 pro
1467 2185 1583 2233 veris
1606 2186 1853 2250 temperie.

410 2316 573 2381 Papilio
604 2317 750 2367 Indica
785 2319 976 2367 maxima
998 2317 1144 2377 nigra,
1182 2330 1343 2379 ,corpore
1374 2309 1433 2364 ὠ
1465 2312 1547 2361 alis
1577 2313 1761 2361 ,maculis
1782 2313 1889 2363 albis
1916 2310 1989 2366 &s
2003 2303 2248 2377 sanguineis

1140 2380 1307 2443 pulchrb
1325 2378 1510 2443 depibiis.
1820 2382 1825 2388 ’

418 2510 649 2633 ALas
682 2511 936 2558 exteriores
964 2523 1074 2557 area
1104 2505 1359 2557 transversa
1384 2507 1489 2555 alba
1510 2507 1684 2556 medias
1705 2508 1907 2570 dividit3
1938 2505 2076 2574 supra
2095 2523 2244 2571 quam
2293 2556 2295 2559 .

589 2570 742 2623 versus
760 2575 989 2624 extimum
1007 2575 1231 2635 angulum
1250 2574 1342 2622 alia
1362 2572 1558 2621 habetur
1579 2587 1722 2636 parva
1746 2589 1758 2621 t
1790 2575 2045 2624 Interiores
2072 2574 2248 2637 duplex

414 2638 532 2687 ordo
553 2640 842 2689 macularum
861 2638 1220 2698 sanguinearum
1242 2651 1460 2697 exornat,
1491 2637 1698 2685 exterior
1719 2654 1871 2702 prope
1891 2640 2088 2694 extimas
2109 2635 2248 2690 alas'e

413 2704 606 2754 maculis
621 2704 841 2752 lunulatis
861 2702 1126 2761 conficitur,
1157 2703 1357 2752 interior
1379 2702 1426 2750 ei
1441 2703 1781 2765 propemodum
1803 2707 2027 2766 parallela
2043 2705 2249 2754 erotun-
2288 2745 2292 2748 .

414 2769 496 2817 dis.
555 2769 770 2818 Extremi
793 2767 1026 2831 margines
1051 2767 1231 2816 alarum
1249 2768 1464 2821 omnium
1480 2767 1696 2817 albicant.
1763 2769 1967 2822 Colores:
1978 2774 2072 2824 alas
2098 2766 2249 2818 trans·
2296 2812 2301 2815 »

2072 2850 2248 2901 meant,
