2322 3206
821 41 842 49 ”
927 45 1178 136 (39)

207 157 266 206 In
287 152 469 204 ericetis
490 144 673 200 tantfltrn
690 148 792 213 agri
811 151 1084 216 Eboracenfis,
1117 158 1164 205 δε
1194 154 1246 204 in
1264 153 1403 205 nudis
1421 154 1629 219 rupibus,
1660 175 1716 209 ea
1735 158 1968 226 praecipue

142 219 435 283 regiuncula,
465 231 606 279 quam
624 221 795 263 Craven
813 231 1004 280 vocant,
1035 235 1143 269 eum
1159 219 1340 282 inveni,
1370 219 1595 272 rariffima
1611 221 1724 273 sane
1737 225 1945 275 bestiola.

206 348 264 397 In
286 345 410 396 notis
433 345 546 393 meis
565 344 760 394 invenio
783 342 1047 409 hujusmodi
1068 348 1273 398 titulum.

139 413 333 460 ,Amnem
356 414 550 455 retiarius
572 407 779 468 saltatrix
802 412 1091 476 ricmifhrmis,
1122 433 1215 461 cum
1249 424 1344 459 nota
1374 417 1420 460 in
1434 410 1626 480 suprema
1656 421 1855 465 anteriore
1877 438 1963 466 cor-

198 480 310 541 poris
325 487 442 538 parte
463 474 561 521 hinc
594 473 690 522 inde
714 475 859 537 rubra,
890 489 1066 541 quatuor
1088 480 1270 540 punbiis,
1300 477 1500 540 quadrato
1532 479 1672 528 ordine
1695 481 1827 531 medio
1851 482 1962 546 dor-sb

203 539 431 605 inseriptis,
462 537 660 587 lateribus
679 539 794 602 rufis.

199 667 248 717 Si
266 666 364 717 haec
387 677 502 714 nota
528 679 639 715 vera
669 668 736 726 fit,
768 670 816 715 δε
836 681 922 716 nos
947 681 1047 716 non
1069 669 1339 732 erravimus,
1370 670 1540 720 dantur
1556 673 1636 722 alii
1658 686 1821 734 praeter
1840 676 1960 725 Pha«

133 731 311 796 langia,
339 726 501 793 quise.
524 731 644 780 retia
672 743 840 799 texunt
859 731 1041 781 Aranei
1061 728 1328 794 saltatrices,
1359 748 1438 784 aut
1459 736 1671 798 fimavis,
1702 737 1961 805 Phalangia

131 809 320 847 retlal‘ffl
595 863 666 908 De
684 859 866 908 Arane&
889 857 1200 921 binoculisfive
1222 860 1496 926 opilionibus.

130 987 428 1113 Horum
444 998 564 1035 notae
581 987 822 1050 generales
835 983 957 1048 sunt,
995 1005 1035 1038 1.
1056 984 1164 1039 Effe
1176 987 1424 1051 plerosque
1436 990 1725 1054 longipedes.
1789 1011 1833 1043 2.
1855 995 1958 1044 Ha·

297 1053 409 1101 bere
430 1064 584 1099 cutem
606 1049 705 1099 fere
724 1050 1022 1100 crustaceam.
1094 1069 1133 1115 3.
1165 1054 1319 1102 Filum
1340 1070 1442 1103 non
1464 1055 1668 1116 mittere,
1698 1070 1779 1105 aut
1810 1060 1958 1108 ullum

126 1131 244 1179 opus
261 1116 532 1175 textoriurn,
564 1116 693 1176 quod
711 1112 828 1170 sci0‚
843 1130 1062 1164 exercere
1080 1137 1098 1179 ,-
1131 1131 1402 1180 quanquam
1418 1118 1570 1166 adhuc
1591 1121 1783 1180 quidem
1804 1124 1862 1171 de
1876 1139 1957 1172 eo·

125 1195 232 1230 rum
243 1180 564 1244 hybernie,aut
577 1174 709 1225 foettis
725 1179 920 1226 curandi
939 1180 1123 1226 ratione
1136 1181 1258 1228 nihil
1271 1183 1566 1244 exploratum
1576 1184 1786 1232 habeam.
1819 1205 1865 1248 4.
1878 1188 1959 1235 Bi-

122 1244 198 1296 nis
219 1240 403 1293 tannim
427 1242 574 1289 oculis
597 1242 776 1289 donari.
848 1256 887 1303 ς.
922 1242 1085 1303 Caput
1105 1241 1133 1290 ὲ
1159 1245 1324 1293 mediis
1347 1245 1472 1306 quast
1499 1246 1700 1295 humeris
1731 1250 1953 1299 emi-nere.

122 1313 170 1357 6;
207 1310 372 1357 Pee‘tus
401 1305 460 1354 ab
490 1306 598 1354 alvo
627 1302 941 1354 disterminati
962 1306 1091 1354 nulla
1113 1305 1241 1355 certe
1261 1309 1320 1356 ad
1346 1310 1524 1357 nudum
1545 1311 1736 1359 oculum
1758 1314 1959 1363 notabili

119 1369 340 1422 incisura.
389 1387 435 1432 7.
457 1371 584 1419 Tela
601 1366 830 1430 forcipata
847 1370 974 1417 velut
995 1371 1156 1419 cancri
1178 1373 1350 1421 marini
1366 1372 1559 1421 brachia
1571 1374 1621 1422 in
1635 1375 1770 1423 binos
1787 1378 1958 1441 digitos

121 1436 297 1486 diduci.
349 1439 393 1484 8.
416 1429 653 1495 Adeoque
676 1434 816 1482 etiam
839 1431 982 1495 vulgo
1002 1435 1261 1485 innocuum
1278 1437 1423 1497 credi,
1453 1435 1584 1487 certe
1602 1437 1807 1488 morsum
1830 1444 1957 1504 quod

118 1497 311 1562 speetat.
375 1517 421 1561 9.
453 1499 598 1548 Pedes
627 1497 938 1560 longitudinis
966 1499 1202 1548 rationem
1219 1503 1348 1563 quod
1375 1497 1552 1563 speecat
1572 1501 1834 1553 alternatim
1862 1503 1953 1556 effe

120 1561 371 1626 dispofitos.
435 1561 525 1611 His
556 1575 860 1611 excrementa
882 1562 1052 1626 figurat
1084 1562 1208 1626 effe3
1244 1562 1353 1616 cum
1366 1563 1624 1629 superiores
1639 1583 1802 1621 omnes
1822 1573 1953 1619 0&oe

120 1629 282 1679 noculi
303 1629 387 1677 illa
412 1626 593 1689 liquida
614 1626 828 1676 reddant.

523 1754 625 1804 Tit.
642 1753 855 1804 XXXV.
887 1757 1078 1804 Araneus
1100 1757 1280 1803 cinereus
1301 1757 1506 1818 cristatus.

263 1882 464 1934 Aximus
500 1879 726 1944 estthujus
756 1881 955 1946 generis.
1019 1884 1078 1931 Ei
1114 1883 1247 1931 color
1276 1881 1452 1945 pallide
1468 1881 1615 1934 fuscus
1635 1898 1713 1933 aut
1735 1884 1946 1939 subciue==

295 1963 415 1997 reus,
478 1947 623 1994 Pedes
644 1944 901 2009 longiffimi
923 1945 1279 2008 tenuiffimique.

177 2008 326 2060 Paulo
349 2006 474 2059 retro
490 2008 517 2058 ὲ,
531 2009 686 2058 fronte
705 2011 930 2072 exiguum
953 2012 1212 2073 capitulum
1228 2011 1356 2060 velut
1374 2015 1618 2061 verrucula
1634 2016 1828 2075 eminet,
1861 2032 1940 2065 eu-

76 2104 83 2110 ·
109 2073 177 2138 jus
194 2088 319 2139 apex·
340 2074 519 2136 duplici
533 2075 659 2122 velut
679 2072 815 2121 crista
837 2072 863 2121 ὲ
883 2071 1023 2135 spinis
1040 2078 1240 2124 conflata
1256 2089 1490 2137 armatur3
1518 2075 1776 2141 iisdemque
1796 2081 1940 2129 etiam

109 2137 319 2202 spinulis,
350 2152 400 2186 ut
421 2139 698 2199 minoribus„
730 2150 830 2185 tota
850 2139 994 2186 etiam
1009 2137 1134 2188 frons
1158 2137 1402 2202 conspersa
1423 2139 1510 2190 est.
1569 2143 1628 2191 In
1651 2144 1860 2207 capitulo
1877 2155 1935 2193 ex

109 2217 307 2265 utraque
331 2215 464 2265 parte
488 2203 652 2265 finguli
673 2203 800 2249 oculi
819 2202 1114 2263 nigricantes.

171 2269 233 2316 In
251 2267 409 2315 medio
429 2263 565 2314 dorso
590 2266 767 2327 pietura
786 2262 910 2312 fusca
933 2267 1059 2314 velut
1080 2266 1393 2316 rhomboideS.
1457 2267 1634 2320 Venter
1655 2270 1846 2320 albidus,

172 2331 388 2380 Maribus
423 2330 662 2378 cornicula
697 2329 933 2390 praelonga
953 2366 970 2389 ,
1011 2331 1126 2377 item
1159 2330 1252 2378 tela
1284 2333 1579 2395 geniculata,
1627 2348 1674 2383 at
1702 2333 1930 2398 forcipata

106 2396 502 2457 quemadmodum
525 2395 575 2441 in
596 2392 826 2448 foeminis:
862 2394 998 2454 pedes
1023 2396 1169 2456 magis
1191 2392 1494 2444 infuscantur.

169 2458 383 2521 Augusto
405 2456 560 2507 mense
583 2454 822 2520 plerisque
839 2456 1050 2506 foeminas
1073 2456 1314 2508 observare
1335 2460 1476 2509 licet:
1509 2461 1559 2510 in
1573 2460 1641 2509 his
1656 2475 1810 2510 autem
1827 2475 1928 2511 tum

105 2539 195 2571 ova
210 2521 368 2575 insunt
390 2524 512 2584 alba,
542 2520 753 2584 perfedtae
772 2523 1100 2586 rotunditatis5
1132 2536 1291 2573 tamen
1306 2523 1386 2574 ubi
1409 2528 1455 2575 &z
1474 2528 1714 2589 quomodo
1737 2542 1823 2575 ova
1847 2524 1924 2573 sua

22 2609 28 2619 1
105 2588 307 2649 pariant,
337 2587 459 2637 nihil
480 2587 634 2637 adhuc
649 2587 949 2649 deprehendi.

1827 2780 1926 2828 Tic,
