2322 3206
1170 43 1469 136 (πᾶα)

413 160 655 217 terminat,
687 151 842 205 media
860 165 993 220 parte
1015 155 1069 203 in
1095 150 1322 213 angulum
1344 150 1505 198 colore
1527 148 1811 199 albicantem
1833 146 2064 213 profunde
2085 148 2244 204 divisa.

404 225 670 276 „Abdomen
703 232 856 267 totum
873 233 979 267 ,tam
1015 212 1168 280 pronai
1189 211 1330 275 quam
1359 209 1526 274 supina
1542 225 1674 275 parte
1696 214 1779 261 alis
1798 215 1992 263 internis
2016 217 2244 266 concolor

417 287 513 338 est:
548 281 754 337 Dorsum
775 281 1154 333 tamuz-medium
1176 276 1368 326 maculis
1387 277 1569 338 aliquot
1588 273 1845 326 transversis
1859 279 2076 343 oblongis
2096 280 2248 344 nigris

416 354 607 418 pictum.

419 498 463 542 ⁶7.
499 486 638 529 Erucae
658 471 814 540 deafials
836 468 964 539 pilosa
986 487 1158 537 magna,
1188 473 1289 538 pilis
1310 469 1546 534 longissimis
1565 471 1745 531 imanis,
1766 468 1915 535 fhlvtlc
1932 466 1995 522 (ἐν
2010 472 2142 534 nigrel-
2162 472 2249 522 vaea'

745 546 831 602 ria,
863 553 955 587 cum
976 542 1217 600 punctorum
1234 538 1464 587 albentium
1484 534 1606 582 lineis
1628 534 1914 584 annularibus,

530 671 662 734 Aput
682 671 905 734 nigrum3
938 668 1148 718 anterior
1172 684 1293 732 pars,
1325 671 1374 716 δε
1405 667 1502 714 ima
1530 665 1679 713 latera
1693 663 1856 726 -fulva3
1889 661 2076 714 dorsum
2098 678 2251 717 totum

560 737 782 798 nigrum,-
813 735 892 785 cui
926 746 1089 796 praeter
1113 735 1234 796 pilos
1260 733 1419 795 nigros
1434 730 1689 790 brev-iores,
1717 727 2024 778 innascuntur
2036 732 2128 794 pili
2146 733 2254 781 lon-

421 796 911 864 gissimi-canescentes
933 799 1142 846 rarioreS.
1207 798 1300 846 Pili
1323 797 1465 844 etiam
1486 792 1603 843 fulvi
1620 794 1851 856 praelongi
1866 790 1984 842 sunt.
2048 797 2160 844 Hoc
2173 811 2255 845 au-

419 878 517 912 tem
545 865 598 912 in
615 865 705 911 hac
732 860 884 926 specie
907 862 1136 924 singulare
1159 860 1241 923 e'st,
1275 856 1403 923 quod
1425 860 1512 923 pili
1540 857 1790 920 posteriori
1815 859 2020 920 corporis
2039 861 2161 922 parti
2182 862 2257 910 in-

421 924 663 977 nascentes
687 929 924 990 longiores
940 924 1045 976 sunt
1060 928 1386 975 anterioribus.
1449 925 1508 971 In
1527 923 1712 985 singulis
1726 924 1944 978 annnsulis
1960 926 2135 986 puncta
2150 925 2257 973 alba

423 995 474 1041 in
496 993 674 1040 lineam
696 993 973 1041 circularem
997 988 1211 1054 dispofira
1232 1005 1401 1052 corpus
1422 988 1650 1036 ambiunt.
1886 1015 1889 1018 -

485 1058 701 1105 Thecam
730 1057 933 1118 amplam
967 1056 1048 1103 fibi
1081 1055 1249 1113 texuit,
1294 1055 1345 1101 in
1374 1067 1468 1114 qua
1498 1052 1685 1100 latitans
1732 1048 1861 1112 (post
1886 1063 1974 1099 tres
1997 1051 2259 1113 quatuorve

422 1119 759 1180 hebdomadas)
794 1131 971 1167 mutata
995 1116 1061 1166 est
1083 1120 1135 1166 in
1157 1118 1404 1168 Aureliam
1427 1117 1612 1177 nigram
1644 1116 1790 1163 cauda
1812 1129 1966 1175 acuta,
2002 1115 2028 1162 ὲ
2050 1132 2141 1177 qua
2165 1117 2187 1175 (
2235 1120 2258 1176 )

423 1186 540 1236 exiit
561 1186 748 1247 Papilio
769 1184 1101 1247 pulcherrima,
1133 1198 1221 1244 pro
1237 1179 1430 1244 septima
1452 1182 1687 1228 nocturna
1698 1176 1730 1226 ¹a
1745 1178 1946 1241 Mouffeto
1963 1176 2192 1245 descripta
2213 1185 2275 1231 &⁷
2317 1213 2322 1216 -

425 1251 612 1311 depic‘ca
634 1261 645 1291 ἰ
680 1249 897 1296 Goedartio
920 1265 996 1308 99.
1099 1262 1101 1264 ·
1966 1269 1975 1273 -2

489 1314 631 1389 Maio
661 1310 821 1363 mense
849 1323 1053 1362 exeunte
1086 1310 1348 1374 plerunque
1385 1309 1655 1370 invenitur,
1694 1307 1786 1358 =vel
1819 1303 1974 1370 citiuS,
2018 1324 2110 1371 ⁴pro
2143 1311 2263 1361 veris

425 1394 668 1442 temperie.

425 1525 470 1570 4.
505 1507 883 1570 Phalaenamagna
904 1504 1199 1572 pulcherrima,
1243 1495 1341 1549 alis‘
1359 1501 1510 1564 longia,
1552 1501 1818 1549 exterioribus
1859 1504 2010 1548 cinereo
2038 1497 2098 1552 &¹
2127 1505 2265 1568 nigro,

663 1572 943 1619 -interioribus
964 1576 1082 1634 nigro
1105 1567 1162 1621 ὠ·
1183 1567 1302 1616 rubro
1321 1564 1396 1628 seu
1411 1567 1613 1630 phoeniceo
1635 1567 1827 1615 coloribus
1850 1570 2005 1614 variar.

552 1693 778 1748 'Ntennae
796 1701 848 1748 in
874 1715 929 1748 ea
963 1712 1105 1761 quarn
1123 1692 1454 1760 descripfimuS,
1488 1709 1587 1757 quae
1608 1693 1796 1745 foemina
1814 1695 2126 1758 proculdubio
2148 1707 2266 1758 erat,

451 1826 454 1831 Ι
482 1787 485 1790 ·
608 1763 870 1827 praelongae,
900 1759 1187 1821 tenuissimae,
1221 1762 1395 1823 nigrae3
1427 1773 1596 1821 corpus
1608 1758 1704 1808 fere
1719 1757 2018 1818 sescunciale,
2051 1757 2266 1822 craffum,

431 1828 658 1890 lanugine
685 1829 873 1876 cinerea
904 1823 1043 1875 densa
1065 1823 1299 1883 vestitum,
1331 1826 1389 1872 ad
1411 1822 1617 1886 scapulas
1639 1822 1971 1886 craffiffimum,
2003 1824 2057 1871 in
2079 1838 2266 1872 acutam

434 1893 630 1943 caudam
652 1889 813 1939 sensim
836 1888 1145 1953 angustatum.
1207 1890 1365 1936 Prona
1380 1888 1522 1936 totius
1543 1889 1753 1951 corporis
1768 1904 1870 1951 pars
1885 1888 2074 1946 albicat,
2107 1889 2269 1949 praeci-

432 1954 525 2022 pue
562 1956 780 2003 anterius.
845 1955 991 2003 Pedes
1022 1954 1109 2000 imi
1148 1953 1334 2000 annulis
1367 1953 1514 2015 nigris
1552 1954 1599 1999 δε
1627 1953 1934 2015 albicantibus
1971 1953 2269 2003 versicolores

431 2022 558 2080 sunt,
589 2021 718 2082 quod
747 2019 902 2067 multis
921 2016 1147 2066 Phalaenis
1167 2013 1433 2065 commune.
1500 2014 1601 2061 Alae
1622 2016 1835 2063 exteriores
1864 2017 2031 2078 longae,
2063 2012 2271 2079 cumque

435 2096 790 2148 componuntur
811 2084 935 2131 inter
951 2080 1203 2131 sedendum
1221 2081 1507 2142 triangulum
1530 2082 1828 2144 oxygonium
1848 2080 2073 2141 referunt,
2103 2077 2271 2144 supina

434 2163 570 2216 parte
591 2164 651 2197 ex
673 2150 863 2197 cinereo
880 2151 926 2196 &
944 2148 1085 2208 nigro
1106 2146 1254 2193 variae.
1319 2146 1478 2193 Lineae
1495 2144 1592 2191 duae
1608 2142 1889 2205 transversae,
1919 2146 2168 2206 undulatae,
2196 2147 2273 2194 ni-

439 2232 552 2280 grae,
583 2213 790 2276 margini
820 2212 900 2260 alae
923 2211 1022 2259 imo
1045 2213 1091 2259 δε
1114 2210 1242 2258 velut
1273 2209 1466 2257 dentato
1494 2208 1719 2271 proximae
1743 2213 1789 2257 δε
1822 2209 2065 2269 parallelae.
2125 2210 2272 2272 Supe-

438 2277 532 2329 rius
553 2276 675 2327 infra
695 2276 900 2325 mediam
918 2276 1000 2323 alae
1026 2274 1373 2335 longitudinem
1400 2274 1523 2321 linea
1546 2273 1683 2335 nigra
1701 2270 1957 2322 transversa
1976 2274 2028 2321 in
2045 2275 2270 2336 angulum

438 2345 696 2405 infignem,
725 2341 862 2403 apice
897 2340 1042 2388 imam
1063 2339 1184 2387 alam
1212 2335 1478 2400 spectante,
1511 2348 1811 2399 procurrens,
1840 2339 2058 2387 cernitur.
2124 2337 2274 2401 Supra

442 2422 585 2471 quam
606 2406 733 2453 velut
763 2402 912 2454 fuscus
940 2404 1101 2454 ductus
1120 2403 1241 2450 alam
1260 2399 1543 2450 transversim
1574 2403 1771 2462 dividit,
1804 2416 1904 2449 tum
1920 2399 2120 2464 spatium
2143 2404 2276 2452 cine-

445 2487 596 2531 reum,
628 2469 755 2530 quod
767 2469 892 2517 linea
914 2469 1051 2532 nigra
1067 2464 1319 2515 transversa
1342 2463 1541 2515 flexuosa
1558 2462 1584 2512 a
1600 2463 1773 2514 ffimma
1789 2480 1924 2528 parte
1936 2467 2122 2515 cinerea
2142 2463 2275 2530 sepa-

446 2542 530 2587 ra‘t.
596 2534 741 2582 Circa
764 2533 970 2580 mediam
990 2534 1111 2581 alam
1135 2532 1268 2579 color
1291 2531 1482 2578 dilutior
1501 2527 1565 2577 est
1582 2530 1858 2579 &albicans.
1920 2532 2079 2579 Prona
2099 2531 2179 2578 alae
2199 2529 2275 2580 su-

452 2599 660 2663 perficies
676 2596 784 2643 albo
813 2600 859 2643 δε
881 2599 1022 2658 nigro
1043 2593 1356 2659 distinguitur.
1425 2595 1695 2651 Ab=cxortu
1730 2591 1826 2642 scil.
1851 2591 2156 2657 aliquousque
2182 2593 2276 2644 fus.

448 2662 609 2723 cescit,
639 2658 846 2709 succedit
869 2657 1068 2722 spatium
1098 2661 1307 2723 amplum
1327 2661 1533 2723 nigrum,
1566 2674 1671 2707 cum
1703 2660 1883 2707 macula
1906 2661 1954 2707 in
1979 2661 2135 2707 medio
2151 2660 2273 2724 alba,

448 2731 687 2789 oblonga,
719 2725 777 2773 ad
807 2726 1089 2774 exteriorem
1121 2725 1201 2779 alae
1236 2725 1495 2787 margin-ern
1528 2720 1747 2784 extensa‚·
1781 2723 1903 2774 infra
1939 2720 2135 2789 spatium
2161 2738 2277 2784 prae-

563 2828 568 2832 .
2100 2788 2277 2840 dietum
