2322 3206
845 87 1126 178 (299)

106 258 180 324 ἑὲῖ
210 249 350 308 Ενιιὲιτ
363 267 504 321 Parva
519 252 717 321 ruftfiem
730 253 824 309 cuin
838 258 1000 375 Ιὶηὲοἶιὲἶ
1010 331 1016 339 .
1025 255 1299 310 albicantibu}
1312 255 1537 324 ftssfmffim
1558 260 1863 329 l⁰ng3tud5⁷¹ff³

925 345 950 372 u
994 344 1043 375 ἴδ’-ο
1339 356 1343 361 “

199 449 416 500 Ncialem
436 448 782 511 longitudinem
802 465 901 501 non
919 450 1185 516 assequitur.
1250 455 1439 517 Corpus
1460 455 1566 520 pilis
1601 457 1712 507 raris
1739 457 1894 510 brevi.'

230 516 312 563 bus
336 518 383 563 δε
399 515 485 563 vix
509 510 771 576 conspicuis
802 517 998 567 oblitum
1028 517 1107 568 est.
1171 518 1389 567 Medium
1411 516 1595 570 dorsum
1618 523 1793 572 lineola
1822 539 1892 573 te-

65 582 171 629 nuis
193 580 456 642 percurrit:
487 578 539 626 in
556 578 741 640 fingulis
762 583 944 631 annulis
971 582 1086 630 hinc
1107 583 1217 631 inde
1252 584 1407 631 areola
1430 580 1620 634 obscure
1639 584 1764 634 fulva
1780 601 1888 639 cum

64 647 243 707 puncto
253 643 305 690 in
325 643 483 691 medio
501 641 705 701 albente,
732 639 986 695 succedunt
1000 647 1051 694 in
1073 658 1272 708 utroque
1295 647 1439 694 latere
1456 647 1588 696 lineae
1600 649 1779 710 albidae,
1808 653 1891 701 de«

64 709 176 757 inde
187 709 357 756 iterum
370 706 560 754 macula·
575 704 707 753 fulvae
721 721 829 755 cum
850 708 1005 757 albida
1028 707 1297 771 adjacente:
1330 711 1381 758 in
1400 710 1505 759 imis
1523 712 1739 762 lateribus
1754 716 1887 767 lineae

66 772 319 821 albicantes
354 771 540 817 latiores
577 769 780 830 reliquis.
841 773 902 820 In
937 772 1088 820 Ulmo
1119 773 1284 821 arbore
1313 771 1578 836 frequentes
1609 777 1889 842 invenimus,

67 836 208 885 Maio
230 833 409 893 medie,
441 833 486 882 δί
509 832 727 895 deinceps
743 833 802 882 ad
824 835 968 885 finem
989 833 1130 899 usque
1148 838 1321 886 mensis.

63 987 142 1023 20.
172 975 316 1019 Eruca
353 983 495 1033 parva
530 964 826 1032 pulcherrima,
861 970 1016 1033 flava,
1070 976 1207 1037 nigris
1241 973 1404 1037 punffis
1447 971 1504 1025 ὠ
1539 973 1699 1024 lineola·
1728 980 1888 1037 varia,

745 1039 962 1097 Qercum
983 1036 1206 1101 depascens.

62 1152 413 1277 UNcialem
435 1151 784 1217 longitudinem
806 1156 887 1204 vix
906 1152 1172 1218 assequitur.
1238 1157 1469 1218 Corporis
1494 1158 1627 1207 color
1646 1155 1794 1208 dil-ute
1808 1161 1894 1209 fla*

224 1234 305 1265 vus
324 1217 542 1266 lucidior.
603 1219 662 1266 In
683 1218 866 1279 singulis
895 1222 1078 1268 annulis
1101 1221 1285 1269 lineolae
1301 1221 1468 1268 crebrae
1491 1223 1634 1284 nigrae
1651 1224 1778 1271 velut·
1806 1239 1890 1274 an-

59 1282 196 1334 nulos
209 1282 445 1331 efficiunt:
479 1281 532 1328 in
558 1279 695 1330 dorso
713 1285 857 1330 etiam
877 1283 1011 1330 lineae
1028 1285 1126 1331 duae
1143 1285 1269 1333 velut
1286 1282 1313 1329 ὲ
1330 1285 1512 1345 punctis
1533 1288 1678 1347 nigris
1692 1302 1892 1350 compo-

57 1349 146 1398 fitae
167 1356 423 1396 cernuntur
441 1340 695 1392 secundum
713 1345 1062 1408 longitudinem
1079 1348 1226 1396 ducitae
1251 1345 1435 1395 dorsum
1464 1349 1613 1397 veluti
1630 1351 1889 1401 terminan-

58 1424 145 1463 tes.
205 1410 370 1471 Caput
396 1407 560 1455 colore
580 1406 647 1456 est
672 1422 859 1457 carneo.

119 1474 254 1538 lunii
270 1471 432 1521 meniis
448 1472 602 1533 primo
622 1471 699 1520 die
714 1473 772 1520 ad
797 1472 1192 1535 metamorphofin
1219 1471 1265 1522 se
1282 1471 1564 1536 composuit,
1594 1487 1646 1523 ut
1667 1475 1802 1525 nobis
1819 1477 1892 1526 vi-

55 1535 158 1590 sum
173 1535 279 1597 fuit,
312 1530 474 1584 verum
497 1536 555 1583 ad
569 1534 791 1597 pabulum
807 1537 978 1584 iterum
999 1536 1156 1596 rediit,
1187 1540 1234 1586 &
1251 1537 1344 1586 hoc
1361 1539 1505 1586 modo
1520 1539 1697 1587 diversis
1711 1540 1890 1596 vicibus

60 1618 146 1653 nos
173 1599 434 1648 ludificatus
468 1597 546 1647 est.
611 1601 830 1648 Tandem
858 1601 993 1648 lineae
1017 1601 1161 1662 nigrae
1190 1617 1354 1649 omnes
1379 1600 1659 1663 disparuere,
1691 1607 1739 1656 δε
1760 1606 1888 1652 circa

61 1680 252 1716 12mum
267 1663 387 1726 Julii
402 1661 527 1711 diem
547 1663 602 1712 in
625 1665 872 1714 Aureliam
894 1663 1291 1714 transformationi
1304 1662 1352 1715 se
1380 1667 1670 1729 praeparavit,
1699 1665 1888 1719 thecam

58 1730 265 1784 texendo
285 1728 412 1778 inter
430 1724 559 1776 folia.

193 1881 273 1914 21.
306 1867 446 1911 Eruca
465 1876 625 1927 parva,
655 1860 810 1924 densz'cis
823 1858 973 1928 pilofit,
1004 1857 1115 1920 dorsb
1129 1862 1380 1929 nigricante,
1413 1877 1561 1911 ventre
1582 1865 1760 1915 rubente.

227 1981 311 2033 Ali
329 1981 453 2030 foliis
487 1994 592 2028 eam
618 1979 732 2040 alui,
762 1976 926 2029 verum
954 1978 1096 2041 parce
1115 1977 1367 2030 admodum
1389 1983 1454 2030 eis
1476 1979 1762 2045 vescebatur,
1794 1997 1886 2037 nec

58 1981 223 2106 M
259 2043 396 2094 avide
418 2043 723 2106 deglutiebat,
753 2055 805 2091 ut
831 2040 1083 2105 suspicarer
1104 2058 1160 2091 ea
1187 2059 1290 2092 non
1318 2046 1561 2107 proprium
1577 2049 1709 2110 ipfius
1739 2049 1885 2110 pabu⁴³

32 2115 156 2171 ,lum
173 2107 292 2159 effe:
326 2122 568 2170 utcunque
584 2106 686 2170 post
707 2107 902 2169 aliquod
915 2120 1092 2170 tempus
1121 2108 1171 2156 in
1195 2108 1438 2158 Aureliam
1457 2107 1718 2173 spadiceam
1739 2111 1885 2162 trans-

55 2188 236 2225 mutata
262 2171 328 2223 est
336 2211 355 2235 ,
387 2171 415 2222 ὲ
447 2188 540 2234 qua
573 2172 705 2220 brevi
744 2173 859 2220 exiit
879 2171 1124 2233 Phalaena,
1156 2171 1240 2219 alis
1260 2173 1415 2236 longis
1440 2175 1643 2239 angustis
1666 2177 1882 2239 cinereiS,

55 2242 141 2291 The
159 2238 415 2300 Dan-moth,
444 2238 568 2287 circa
585 2235 788 2300 Augusti
809 2251 999 2286 10mum
1015 2250 1095 2286 aut
1111 2251 1302 2287 12mum
1321 2240 1463 2288 diem.

246 2391 325 2426 22.
358 2380 498 2424 Eruca
515 2371 613 2437 pilis
629 2374 761 2438 longis
780 2373 1013 2423 rubentibus
1031 2371 1193 2436 hirsuta
1213 2377 1348 2423 minor
1366 2388 1441 2423 aut
1457 2375 1684 2428 mediocris.

200 2493 379 2559 Ugusti
398 2496 561 2546 mensus
590 2496 746 2545 medio
766 2495 959 2545 inventa
974 2496 1027 2546 in
1040 2496 1281 2549 Aureliam
1303 2494 1455 2549 statim
1475 2494 1776 2551 transmutata
1793 2495 1876 2561 est,

63 2498 200 2622 A
238 2574 289 2610 ut
309 2575 405 2624 quo
426 2561 536 2614 cibo
552 2574 759 2616 uteretur
780 2558 1020 2614 nescirem.

995 2819 1094 2884 Qq
1125 2837 1155 2872 2
1639 2835 1716 2882 23.
1740 2821 1879 2869 Erum
