2322 3206
331 293 333 295 ¹
837 242 985 291 Blatta
1003 259 1145 307 parva
1167 247 1296 295 alata.

221 369 269 418 N
307 369 395 423 hac
429 367 509 416 alae
549 367 874 426 flavescebant,
918 375 965 419 δε
998 385 1150 421 totum
1182 370 1367 422 dorsum
1401 376 1634 438 tegebant.
1700 380 1759 428 In
1781 378 1977 445 scapulis

250 435 347 482 duae
368 433 501 482 lineae
517 434 616 483 latae
637 436 810 497 nigrae3
841 431 917 482 sed
937 438 1090 485 media
1109 452 1210 501 pars
1232 442 1277 487 δε
1299 440 1530 503 margines
1558 441 1877 495 flavescebant.

432 562 508 611 De
540 561 769 628 Formica,
808 559 1024 632 Anglice‚
1071 561 1189 617 The
1222 549 1330 620 Aut
1357 583 1417 619 01·
1438 565 1665 624 Pismire.

187 721 190 724 >
252 690 481 750 Ormica,
517 693 691 742 Graecis
715 692 891 746 Μύςμιιὲ,
928 692 1100 758 Anglis
1119 698 1208 753 Ant
1242 697 1289 742 δε·
1318 694 1512 756 Pismire,
1542 697 1877 748 animalculum
1903 699 1970 749 est

280 751 586 815 noriffimum,
619 770 667 803 ut
689 750 1000 816 descriptione
1019 773 1116 804 non
1140 759 1365 821 indigeat.
1429 761 1610 808 Harum
1640 765 1850 826 quinque
1869 760 1971 826 spe-

146 817 239 865 cies
258 817 310 864 in
325 818 488 880 Anglia
505 817 860 877 observavimus,
892 819 1001 866 duas
1022 825 1212 881 minores,
1246 836 1443 883 quarum
1468 825 1610 872 altera
1633 824 1658 872 ὲ
1680 824 1807 875 fusco
1822 829 1970 889 nigri·-

142 893 250 940 cat,
285 882 427 929 altera
459 882 688 933 rubescit.-
744 883 853 929 duas
884 883 1058 944 medias,
1091 900 1233 933 unam
1261 886 1402 948 nigro
1432 889 1594 937 colore
1623 886 1969 953 splendentem,

142 944 336 992 alteram
360 947 534 1009 rubro,-
567 964 708 996 unam
723 949 974 1006 maximam,
1006 951 1296 1005 Ἱππὸμυρμηξ,
1332 950 1555 1012 Anglice,
1586 953 1669 999 The
1687 954 1954 1015 Horfie-Ant‹

205 1006 415 1057 Primum
437 1025 524 1058 ova
543 1013 729 1074 pariunt
745 1011 968 1060 Formicae
987 1024 1037 1057 ut
1056 1009 1250 1071 Muscae,
1281 1030 1341 1062 ex
1357 1016 1519 1076 quibus
1536 1018 1778 1066 vermiculi
1799 1021 1971 1082 epodes

139 1073 449 1121 excluduntur
462 1100 491 1134 ,·
511 1077 777 1124 vermiculis
804 1071 913 1121 rosae
931 1075 1109 1121 eaninae
1138 1076 1329 1137 similes,
1364 1094 1459 1127 una
1474 1082 1767 1130 extremitate
1790 1097 1964 1143 acutaS,

137 1138 310 1184 coloris
332 1138 446 1197 albi,
475 1138 704 1187 intestinis
740 1136 821 1186 sub
852 1152 958 1184 cute
996 1139 1146 1201 nigris
1185 1143 1531 1201 apparentibus.
1593 1145 1664 1190 Hi
1699 1147 1750 1192 in
1774 1147 1967 1194 aureliae

139 1197 437 1248 indurescunt
465 1203 600 1249 albas.
644 1243 646 1245 .
666 1204 724 1250 In
741 1201 943 1249 Aureliis
958 1203 1085 1260 quod
1111 1203 1258 1249 cauda
1276 1203 1430 1251 futura
1455 1204 1522 1252 est
1545 1204 1728 1255 cras-{ius
1745 1210 1927 1257 videtur
1950 1229 1967 1270 ,-

137 1265 264 1326 quod
280 1262 371 1324 jam
396 1264 446 1309 in
464 1279 604 1325 caput
620 1261 862 1322 formatur,
893 1263 1179 1324 pellucidum
1202 1264 1266 1312 est
1284 1265 1488 1328 crystalli
1507 1269 1662 1319 instar.

200 1327 471 1388 Forcipibus
501 1327 588 1376 suis
622 1328 814 1376 trahunt
847 1330 893 1374 δε
924 1341 1116 1388 portant
1136 1328 1718 1395 Aureliaffivermiculos,
1751 1332 1967 1384 formicas

137 1392 326 1451 debiles,
360 1389 452 1441 &a
564 1399 580 1410 ·
1100 1421 1106 1425 -
1466 1454 1469 1456 .

200 1456 264 1503 D.
285 1455 515 1519 Willughby
532 1457 784 1506 Formicas'
800 1451 865 1503 itd
882 1452 1111 1504 describit.
1177 1458 1424 1507 Antennas
1447 1459 1620 1510 habent
1638 1460 1965 1525 longiusculas,

134 1520 187 1567 in
210 1520 504 1568 extremitate
530 1518 755 1581 majores:
791 1522 893 1568 Ora
922 1519 1192 1582 forcipata:
1226 1522 1498 1583 Abdomen,
1530 1522 1606 1573 seu
1637 1529 1822 1575 tertiam
1855 1546 1960 1578 cor-2

133 1585 257 1646 poris
279 1585 540 1647 regionem,
575 1586 818 1643 tumidam,
852 1583 1204 1644 subrotundam,
1236 1588 1367 1635 tenui
1395 1589 1653 1649 ligamento
1675 1593 1855 1652 ρεᾶὶοῑὶ
1878 1595 1958 1642 ad-

133 1643 493 1705 haerescentem:
530 1651 692 1696 Pedius
720 1650 886 1708 etiam,
921 1649 997 1696 cui
1026 1645 1104 1696 sex
1132 1650 1269 1712 pedes
1300 1650 1432 1712 longi
1455 1651 1787 1715 adnascuntur,
1819 1671 1959 1705 tenue

131 1710 264 1758 valde
282 1733 297 1773 ,-
332 1714 494 1774 Caput
514 1714 753 1776 grandius.
814 1715 854 1761 E
878 1713 1129 1760 domiciliis
1148 1715 1347 1762 erutis&
1373 1716 1599 1766 dissocatis
1623 1720 1843 1779 Aureliis,
1876 1724 1954 1769 ad-

131 1773 341 1823 mirandd
363 1774 610 1837 diligentizi
626 1793 700 1825 eas
713 1778 882 1825 iterum
900 1780 1136 1837 reponunt
1152 1781 1199 1824 83
1221 1774 1525 1828 abscondunt.
1590 1782 1806 1831 Aliarum
1819 1786 1958 1833 etiam

132 1841 346 1887 Aurelias
360 1853 584 1900 tanquam
597 1838 694 1889 suas
717 1843 769 1890 in
786 1842 1027 1888 cuniculos
1043 1845 1248 1902 portant.
1313 1843 1527 1892 Aurelias
1546 1844 1682 1894 mane²
1704 1844 1811 1894 cum
1826 1849 1957 1896 inca-

127 1901 300 1952 lescere
323 1905 494 1965 incipit
515 1907 571 1952 ad
587 1902 763 1952 summa
788 1902 885 1951 fere
898 1905 1221 1967 cuniculorum
1241 1906 1508 1966 deportant,
1536 1905 1612 1955 sed
1631 1912 1770 1958 noete
1784 1912 1951 1960 iterum

128 1964 209 2015 sub
245 1981 364 2014 terra
394 1966 698 2015 abscondunt.
763 1969 839 2016 De
872 1968 1140 2014 incredibili
1179 1971 1498 2017 Formicarum
1535 1986 1647 2032 erga
1680 1972 1812 2021 foetus
1851 1973 1953 2024 suos

127 2035 265 2090 roffi,
297 2032 696 2078 Swammerdamius
717 2028 964 2090 summam,
993 2031 1166 2091 inquit,
1199 2032 1314 2078 dant
1342 2049 1551 2095 operam,
1585 2033 1645 2083 ne
1682 2039 1756 2085 vel
1793 2040 1955 2087 tantil-

126 2096 222 2142 lum
243 2097 367 2157 quod
385 2092 559 2157 speetat
576 2097 634 2143 ad
660 2111 823 2144 eorum
843 2096 1206 2142 vermiculorum
1230 2097 1557 2145 educationem
1579 2112 1719 2160 atque
1733 2103 1954 2152 nutritio-

127 2175 237 2207 nem
255 2161 494 2218 omittant,
530 2176 669 2221 quem
692 2161 743 2206 in
767 2159 910 2206 finem
936 2156 1033 2206 fere
1059 2155 1238 2220 semper
1258 2157 1444 2207 eosdem
1465 2177 1546 2208 ore
1578 2163 1952 2226 circumportant

124 2220 298 2278 secum,
332 2239 392 2271 ne
414 2225 508 2270 ulla
538 2223 779 2270 eos'laedat
803 2218 987 2282 injuria.
1048 2222 1107 2269 In
1129 2217 1297 2270 musaeo
1328 2239 1434 2271 meo
1463 2228 1709 2275 nonnullas
1733 2229 1951 2279 formicas

124 2289 248 2334 vitro
263 2303 385 2335 terra
405 2288 584 2349 repleto
607 2282 844 2334 conclusas
870 2299 976 2331 cum
1003 2286 1264 2332 vermiculis
1285 2285 1383 2334 istis.
1400 2285 1722 2351 adservabam3
1755 2293 1821 2341 ibi
1847 2310 1947 2341 non

125 2351 216 2398 fine
232 2341 523 2412 jucunditate
537 2347 818 2413 specstabam,
839 2344 935 2409 quo
958 2362 1078 2395 terra
1102 2348 1232 2397 fieret
1248 2349 1298 2397 in
1312 2347 1742 2424 superficieficcior,
1763 2354 1821 2404 eo
1839 2374 1945 2419 pro-

124 2413 554 2464 fundiusFormicQ
575 2429 680 2462 cum
702 2411 884 2460 foetibus
904 2409 990 2459 suis
1008 2428 1260 2475 prorepere
1283 2430 1294 2462 :
1328 2429 1436 2463 cum
1459 2414 1573 2465 vero
1595 2433 1764 2480 aquarn
1782 2420 1947 2469 adfun-

124 2479 298 2538 derem,
331 2477 430 2527 visu
452 2479 699 2526 mirificum
721 2489 839 2535 erat,
874 2490 1052 2536 quanto
1075 2473 1245 2524 affeetu
1274 2481 1321 2525 ὅτ
1353 2474 1649 2530 solicitudine
1675 2499 1863 2531 omnem
1889 2486 1941 2532 in

124 2558 182 2589 eo
206 2545 491 2591 collocarent
517 2557 725 2604 operam,
758 2553 808 2588 ut
824 2538 965 2587 vfoetus
997 2536 1099 2588 su05
1122 2542 1310 2589 sicciore
1326 2545 1372 2590 δε
1398 2557 1500 2592 tuto
1523 2546 1632 2594 loco
1646 2562 1942 2607 reponerent.

123 2606 288 2666 Saepius
311 2608 406 2653 vidi
429 2602 535 2653 cum
563 2608 742 2666 aliquot
760 2604 916 2651 diebus
935 2618 1054 2664 aqua
1073 2603 1337 2665 caruissent,
1370 2621 1509 2669 atque
1535 2605 1643 2656 cum
1661 2608 1807 2658 affuso
1838 2625 1944 2659 tan-

122 2670 226 2716 tillo
245 2686 372 2731 aquae
388 2671 695 2717 terramillam
721 2669 1058 2729 hummstarem,
1086 2665 1112 2714 ὲ
1134 2667 1330 2731 vestigio
1353 2668 1381 2718 ὲ
1402 2669 1753 2722 formicisfcetus
1766 2671 1866 2722 suos
1883 2671 1943 2722 εὸ

121 2733 215 2780 loci
230 2732 360 2781 fuiffe
376 2734 556 2792 allatos,
589 2749 703 2796 quos
725 2733 791 2779 ibi
813 2730 1025 2779 distinete
1045 2729 1393 2795 conspiciebam
1409 2736 1606 2796 mov-eri,
1626 2750 1763 2798 atque
1785 2736 1951 2800 sugere

120 2797 379 2858 humorem.
448 2799 685 2849 Hastenus
703 2794 1051 2847 §wamma-dam.
1853 2804 1968 2852 Fer·
