2322 3206
115 180 381 245 angustiore
398 181 608 231 colorem
631 191 1040 246 atro-purpureum
1059 189 1106 235 &
1122 185 1314 235 rubrum
1331 187 1696 244 distel-minante.
1715 190 1721 195 ’
1762 199 1942 253 Venter

115 249 142 298 ὲ
164 246 509 295 viridiflavicat.
575 247 738 309 Caput
753 247 1058 300 diluterubet.
1121 251 1397 314 Longitudo
1415 251 1703 308 sescuncialis
1726 277 1802 311 aut
1828 269 1938 317 dua-

111 327 214 362 rum
238 311 498 371 unciarum,
530 309 689 375 estque
702 328 899 377 corpore
922 330 1009 376 pro
1027 315 1329 377 longitudine
1344 314 1447 368 satis
1470 319 1635 374 crasso,

173 374 388 436 Augusto
405 390 609 425 exeunte
631 382 676 426 8ῑ
695 377 1127 441 Septembrisinitio
1144 383 1403 444 plerunque
1421 385 1537 445 exit,
1567 389 1614 434 δε
1635 388 1814 439 Cardui
1838 396 1934 445 via-

28 472 40 489 a
105 457 209 490 rum
233 438 532 501 vulgatiffimi
552 441 675 490 foliis
688 443 888 491 libenter
908 441 1107 494 vescitur
1128 462 1140 492 ε
1172 447 1332 495 inveni
1350 451 1396 496 &
1414 449 1464 496 in
1479 450 1869 517 Caryophyllata.

169 504 318 554 Circa
341 505 484 553 finem
506 507 785 569 Septembris
804 509 854 555 in
868 509 1111 558 Aureliam
1133 508 1158 558 ὲ
1174 509 1389 573 spadiceo
1404 514 1721 576 nigricantem
1750 533 1928 572 mutata

102 569 170 619 est
188 588 200 617 ι
233 573 280 617 δε
300 568 452 618 aestate
472 568 685 633 sequenti
706 573 932 621 Phalaenae
948 572 1099 622 forma
1113 576 1242 623 exiit.

133 635 351 746 bQolgre
372 637 518 684 variat
537 638 630 685 hoc
651 652 818 699 genuS,
848 639 1085 689 nonnullae
1099 641 1226 689 enim
1248 655 1336 703 pro
1351 646 1719 709 atro-purpureo
1731 649 1929 700 viridem

101 712 132 744 o
166 712 265 748 eme
297 711 393 747 ant.
948 720 954 725 ⁴

100 841 177 889 25.
210 833 351 876 Eruca
372 830 562 875 maxima
582 824 865 890 fitbterranea,
897 833 1008 878 raris
1027 829 1127 894 pilis
1159 832 1299 893 obsita,
1323 830 1475 897 supina
1496 850 1610 898 parte
1631 850 1736 900 tota,
1769 855 1924 904 excepto

518 898 666 957 capite,
698 897 840 957 rubra,
869 909 996 960 prona
1009 895 1154 959 flava.
1219 896 1445 947 Goedart.
1470 915 1540 962 39.

161 954 445 1016 Transcribed.
559 963 564 967 ”

178 1021 352 1083 Upinae
366 1017 669 1083 partis'rubor
695 1023 753 1070 ad
776 1025 929 1072 media
954 1022 1095 1088 usque
1107 1025 1254 1074 latera
1271 1026 1550 1075 extenditur.
1616 1030 1796 1080 Fundia
1811 1033 1928 1085 late-'

93 1099 134 1142 ι,
203 1086 318 1134 ralia
338 1083 633 1146 respiratoria
656 1087 770 1136 rufa.
835 1089 996 1152 Caput
1011 1093 1212 1153 nigrum.
1278 1092 1457 1138 Primus
1475 1092 1614 1141 etiam
1625 1091 1703 1143 seu
1718 1093 1926 1159 scapula-

93 1162 197 1197 rum
222 1151 420 1198 annulus
437 1147 686 1212 squamave
709 1151 945 1203 crustacea
978 1153 1163 1204 macula
1180 1152 1317 1218 nigra
1335 1152 1428 1202 lat'zi
1449 1156 1706 1221 inlignitur.
1771 1163 1922 1212 Pedes

95 1216 122 1260 8
142 1212 416 1276 posteriores
444 1230 637 1267 exerere
657 1221 705 1266 δε
731 1218 783 1267 in
807 1233 972 1280 corpus
994 1220 1228 1268 retrahere
1250 1218 1401 1281 potest
1425 1235 1512 1281 pro
1533 1222 1682 1270 libitu.
1749 1226 1922 1275 Martii

22 1288 47 1345 J
82 1292 169 1328 ⁷22.
190 1285 327 1340 1692.
359 1280 637 1342 inlupuleto
652 1281 679 1330 ὲ
696 1280 1006 1344 terraeffoss'a,
1040 1285 1182 1346 inque
1206 1284 1381 1347 pyxide
1400 1299 1506 1332 cum
1523 1289 1694 1334 terreni
1710 1290 1923 1351 aliquan-

87 1342 190 1390 tulo
211 1341 406 1402 inclusa,
440 1344 568 1392 brevi
585 1343 666 1394 sub
690 1360 812 1394 terra
830 1360 1052 1395 excavata
1069 1347 1328 1395 folliculum
1346 1349 1424 1396 fibi
1441 1350 1606 1409 texuit,
1639 1352 1692 1400 in
1710 1367 1801 1412 qua
1820 1371 1923 1402 mu-

88 1421 186 1455 tata
208 1405 274 1456 est
289 1408 342 1455 in
357 1405 690 1468 Chrysalidem
713 1409 973 1473 oblongam
994 1412 1261 1471 rubentem,
1292 1408 1459 1474 supina
1490 1414 1769 1465 annulorum
1787 1431 1921 1480 parte

48 1489 52 1492 ’
85 1472 140 1520 in
162 1472 318 1520 medio
333 1469 524 1521 sulcata.
558 1528 561 1531 ,

143 1536 262 1598 Julii
279 1538 440 1584 mensis
456 1555 500 1597 9.
517 1538 570 1586 in
587 1538 851 1588 Phalaenam
870 1538 988 1588 exiit
1003 1538 1385 1602 pulcherrimam,
1418 1535 1546 1600 cujus
1558 1536 1917 1609 descriptionem

84 1600 191 1650 vide
214 1601 267 1651 in
279 1601 533 1651 Kalendar.
556 1604 691 1652 Anni
707 1621 728 1650 1
738 1608 843 1665 692.

123 1744 202 1790 26.
236 1744 376 1787 Eruca
397 1741 602 1786 urticaria
613 1738 784 1802 glabra,
811 1739 960 1803 gibba,
993 1758 1086 1789 cum
1105 1741 1262 1789 lineolis
1285 1742 1390 1790 albis
1408 1740 1467 1795 &¹
1484 1745 1701 1792 tuberculis
1721 1748 1869 1807 nigris.

250 1860 556 1924 Agnitudinis
577 1858 641 1908 est
658 1862 837 1921 mediae,
869 1861 971 1923 plus
987 1863 1140 1924 digito
1158 1862 1320 1924 longa,
1359 1865 1520 1913 colore
1544 1880 1603 1913 ex
1627 1867 1818 1917 cinereo
1840 1867 1915 1913 ni-

281 1924 511 1986 gricante.
576 1926 738 1986 Caput
772 1937 913 1974 tenue
946 1922 1242 1986 viridescens,
1276 1928 1445 1975 duabus
1475 1930 1533 1976 ad
1550 1930 1694 1976 latera
1721 1931 1912 1977 maculis

79 1989 316 2052 oblongis,
350 1988 476 2035 velut
498 1988 675 2048 ocellis,
693 1990 883 2052 insigne.
949 1991 1137 2052 Corpus
1150 1992 1354 2039 anterius
1369 1994 1427 2038 ad
1450 1991 1747 2040 interstitium
1769 1989 1914 2055 usque

77 2055 284 2104 thoracis
306 2056 352 2100 δε
375 2052 634 2110 abdominis
655 2055 899 2103 tenuius&
921 2054 1047 2102 velut
1063 2056 1113 2102 in
1138 2052 1334 2103 rostrum
1366 2057 1660 2117 procuratum,
1695 2055 1822 2105 linea
1843 2058 1911 2105 al-

78 2120 267 2169 bicante
289 2118 340 2165 in
364 2113 546 2166 summo
567 2114 720 2166 dueta.
782 2119 841 2166 In
863 2115 1014 2181 spatio
1044 2120 1219 2181 priores
1240 2121 1364 2167 inter
1396 2123 1441 2168 &
1465 2119 1742 2183 posteriores
1771 2122 1910 2184 pedes

75 2185 252 2240 medio,
285 2189 454 2244 corpus
475 2184 526 2230 in
559 2182 754 2244 gibbum
774 2180 985 2247 assurgit,
1017 2179 1135 2232 adeo
1165 2197 1217 2230 ut
1247 2181 1442 2232 ansatim
1466 2187 1826 2234 Geometrarum
1855 2185 1909 2233 in

75 2251 268 2298 modum
308 2247 528 2294 incedere
558 2247 782 2295 videatur.
806 2266 808 2274 ,
847 2248 962 2297 Duo
994 2249 1157 2296 annuli
1190 2249 1316 2297 inter
1337 2249 1577 2298 thoracem
1600 2254 1646 2298 δε
1673 2250 1905 2298 abdomen

76 2315 238 2374 medii,
270 2308 443 2358 summa
467 2307 534 2358 sui
571 2325 700 2374 parte
735 2309 918 2361 maculzi
939 2308 1076 2376 nigrai
1106 2316 1152 2361 δε
1185 2311 1361 2362 lineola.
1397 2311 1753 2380 albanotantur.
1820 2311 1904 2376 [In

74 2379 251 2427 duobus
272 2376 500 2438 proximis
526 2377 644 2424 dorsi
671 2377 854 2426 annulis
885 2378 1068 2426 lineola:
1105 2377 1245 2425 etiam
1269 2379 1413 2441 nigrae
1437 2379 1495 2425 ad
1521 2379 1664 2427 lineas
1698 2380 1905 2427 laterales

73 2438 333 2500 transversae
355 2438 626 2502 ducuntur]
691 2443 780 2490 Per
796 2443 943 2491 latera
962 2437 1137 2503 abipso
1157 2442 1313 2503 capite
1347 2444 1405 2490 ad
1434 2444 1627 2490 caudam
1659 2439 1802 2503 usque
1825 2444 1902 2491 de-

75 2510 225 2570 currit·
241 2506 365 2554 linea
387 2506 607 2552 albicans·
672 2506 818 2568 Supra
832 2507 1025 2554 caudam
1040 2507 1090 2553 in
1109 2506 1267 2553 medio
1283 2503 1418 2554 dorso
1439 2507 1557 2555 alter
1572 2506 1737 2570 gibbus
1759 2508 1900 2554 habe-

0 2623 6 2626 ,
74 2588 166 2631 tur,
198 2566 381 2618 macula
399 2567 726 2632 nigralineolzi
743 2573 962 2632 utrinque
985 2567 1089 2618 alba
1116 2571 1361 2618 terminata
1375 2572 1578 2634 insignis.
1643 2572 1806 2619 Cauda
1830 2572 1898 2618 bi-

75 2638 164 2685 fida
187 2655 203 2695 3
237 2634 380 2682 Pedes
405 2634 544 2695 nigri.
609 2636 648 2682 E
672 2637 919 2684 tuberculis
938 2636 989 2682 in
1004 2635 1220 2683 lateribus
1235 2635 1320 2697 pili
1343 2635 1499 2684 breves
1520 2649 1704 2685 exeunt.

139 2699 371 2748 Iracunda
393 2697 475 2758 est,
510 2702 554 2747 δε
570 2699 598 2746 fi
618 2714 836 2762 tangatur
855 2713 1023 2762 corpus
1035 2700 1271 2751 contrahit
1285 2703 1329 2748 δε
1347 2695 1580 2749 subsultat.
1723 2702 1726 2704 ’

1651 2842 1722 2885 27.
1758 2831 1893 2873 Erae]
