2322 3206
870 148 875 151 .
911 36 944 124 (
990 60 1092 119 47·
1126 36 1181 125 >⁵

456 226 460 230 ·
506 284 509 287 ἱ
543 187 631 270 Igilo
641 211 788 276 glabro
810 215 945 278 affinis
967 217 1123 269 lividis
1145 216 1327 284 albisque
1346 219 1548 271 circulis..-

124 375 137 378 4.
230 334 271 382 E
286 333 331 381 R
357 334 563 384 medium
584 337 680 383 duae
709 333 948 387 transeunt
969 338 1103 388 lineae
1125 354 1185 388 ex
1205 340 1316 389 albo
1342 339 1634 392 rufescentes.
1700 343 1793 391 Sub
1815 347 1961 395 cauda

262 399 359 445 duae
375 400 604 460 glandulae
619 437 636 460 ,
668 398 854 449 testibus
871 403 1050 462 ssmiles,
1083 417 1133 451 ut
1156 405 1206 451 in
1225 404 1326 453 aliis
1343 406 1467 456 Iulis.
1531 407 1854 457 Nihilominus
1877 411 1960 458 du-

123 461 242 512 bitat
265 462 329 512 D.
346 464 597 528 Willughby,
635 480 696 513 an
713 461 741 512 ὲ
757 467 907 528 prima
920 464 1076 528 specie
1097 465 1294 518 differat.
1360 519 1369 528 ,

111 656 114 658 ¹
242 586 488 704 gbiftc‘lum
513 593 758 646 marinum
784 593 1026 665 multipes,
1065 595 1519 670 Forficula0marina
1533 595 1662 666 fals&
1683 598 1830 652 dici‘t'a.

266 721 591 770 Nimalculum
614 720 679 771 est
700 720 914 771 forficula
928 723 1050 772 haud
1067 721 1231 786 majus,
1267 726 1319 773 in
1339 722 1484 772 saxeis
1504 728 1551 774 δε
1572 726 1778 790 abruptis
1801 729 1956 777 litori-

297 786 380 835 bus
398 801 571 846 repens.
637 787 826 837 Coloris
846 785 913 835 est
930 803 990 838 ex
1005 789 1147 851 nigro
1166 793 1212 836 δε
1231 801 1458 851 argenteo
1475 789 1632 849 mimi,
1669 806 1776 840 curn
1793 793 1952 853 aliquo

115 843 379 911 splendore.
441 850 677 899 Humeros
703 847 865 912 parum
893 851 1112 914 gibbosos
1138 852 1310 901 habet:
1343 852 1526 901 Oculos
1549 853 1661 901 duos
1688 856 1740 901 in
1765 854 1954 905 summi-

115 923 212 960 tate
235 915 401 978 capitis
423 915 546 963 haud
571 911 851 976 disjunctos:
886 917 1132 964 Antennas
1160 917 1271 964 duas
1296 917 1462 978 longas
1480 917 1637 965 exiles,
1699 920 1845 971 Pedes
1868 936 1951 968 an-

113 977 308 1027 teriores
329 981 456 1038 occo,
490 987 691 1039 quorum
708 979 871 1041 primis
889 980 1066 1028 duobus
1097 981 1148 1029 in
1177 981 1444 1029 incedendo
1472 996 1572 1029 non
1595 982 1756 1039 utitur,
1790 981 1867 1031 sed
1896 986 1950 1031 iis

114 1054 258 1105 caput
279 1040 518 1102 sustentat,
555 1046 602 1091 δε
622 1039 802 1105 semper
824 1044 874 1090 in
895 1040 1242 1093 semicirculum
1262 1045 1457 1095 inflexos
1474 1046 1611 1108 gerit.
1678 1047 1770 1095 Sub
1796 1048 1864 1095 his
1890 1051 1949 1096 ad

112 1119 163 1153 os
185 1108 295 1154 cirri
316 1104 396 1155 seu
419 1107 700 1169 appendices
717 1108 830 1154 duae.
892 1106 1210 1156 Posteriorum
1232 1109 1405 1168 pedum
1428 1111 1454 1155 8
1478 1123 1783 1158 numerantur
1800 1112 1951 1172 paria,

109 1169 236 1230 alba,
261 1170 443 1228 -brevia,
479 1173 525 1217 δε
562 1171 766 1230 pilorum
798 1168 941 1218 instar
971 1171 1187 1232 gracilia,
1217 1173 1437 1219 ultimum
1467 1185 1625 1218 autem
1657 1188 1743 1233 par
1774 1175 1949 1223 caeteris

107 1232 297 1295 longius
318 1237 365 1282 δε
382 1229 543 1294 majus,
576 1235 702 1294 quod
719 1233 839 1279 ultra
857 1248 1026 1296 corpus
1048 1235 1278 1294 extendit,
1311 1237 1358 1281 &
1381 1234 1577 1282 caudam
1593 1233 1825 1284 sustentat.
1888 1239 1946 1288 In

107 1298 258 1347 cauda
305 1312 326 1359 3
371 1309 452 1344 aut
486 1314 521 1359 4
554 1294 659 1345 setae
686 1293 808 1354 sunt,
832 1309 839 1322 ²
859 1298 1050 1359 corpori
1071 1296 1367 1356 concoloreS,
1399 1312 1597 1359 quarum
1618 1301 1772 1348 media
1802 1299 1947 1362 paulo

106 1360 314 1424 longior.
378 1361 511 1410 Huic
530 1356 734 1422 subjacet
756 1373 920 1421 quarta
937 1362 1154 1411 omnium
1173 1359 1433 1410 brevisfima
1451 1363 1498 1411 &
1521 1362 1711 1425 reliquis
1730 1364 1946 1414 albidior.

107 1424 214 1485 ubi
247 1425 420 1488 pedum
441 1425 730 1472 anteriorum
751 1425 844 1472 duo
866 1425 1030 1473 ultima
1051 1426 1185 1487 paria
1220 1425 1422 1474 humeris
1448 1425 1702 1489 affiguntur
1737 1445 1770 1490 4
1801 1430 1944 1477 etiam

105 1502 335 1553 apparent
352 1489 652 1551 appendiceS,
684 1489 1016 1554 magnitudine
1032 1493 1079 1538 δε
1098 1490 1260 1538 colore
1274 1487 1605 1552 posterioribus
1619 1493 1811 1555 pedibus
1827 1495 1946 1543 fimi·

107 1554 187 1604 les.
250 1550 513 1603 Celerrime
534 1566 766 1615 movetur,
796 1556 843 1602 δε
864 1553 987 1602 inter
1004 1554 1213 1608 cautium
1233 1552 1405 1603 fiss'uras
1426 1553 1625 1605 latebras
1644 1557 1820 1618 quaerit.

161 1652 239 1723 De
279 1669 512 1741 Liberis,
564 1670 724 1724 Perlis
771 1673 915 1725 Italis
962 1672 1138 1740 dieas,
1197 1673 1374 1745 Angla
1420 1651 1781 1746 Dragon-ffies
1825 1672 1885 1731 όν

812 1743 1190 1818 ‚Addet-holm.

230 1875 369 1924 Mnes
399 1887 599 1936 quatuor
633 1873 725 1921 alas
746 1868 1120 1924 membranaceas
1141 1875 1318 1926 habent
1341 1892 1355 1925 ε
1401 1878 1583 1926 Oculos
1605 1891 1800 1938 magnos
1822 1880 1957 1940 reti--

259 1939 453 1997 culatos,
485 1950 638 1985 totum
660 1936 754 1984 fere
772 1952 913 2000 caput
940 1953 1238 2002 occupantes
1299 1939 1494 1988 Volatus
1515 1937 1743 2000 majorum
1761 1943 1937 2003 pernix.

99 2004 157 2049 ad
180 2001 355 2051 muscas
382 2000 650 2063 capiendas,
687 2003 733 2047 Sc
770 2004 827 2048 ad
856 2017 1012 2050 aerem
1036 2000 1064 2049 a
1089 2001 1293 2050 molestis
1312 2004 1602 2052 animalculis
1620 2006 1928 2068 purgandum.

98 2068 212 2115 Hoc
232 2063 341 2114 sane
375 2066 556 2126 (inquit
571 2065 997 2126 Swammerzlamius)
1026 2068 1196 2115 mirum
1219 2064 1317 2127 est3
1353 2066 1497 2132 longe
1508 2079 1662 2116 tamen
1675 2069 1822 2131 magis
1842 2072 1938 2118 mi-

96 2147 218 2190 rum,
251 2128 536 2191 omnemque
556 2141 745 2190 captum
766 2128 1263 2192 humanumsuperans
1296 2135 1547 2180 earundem
1569 2133 1732 2180 coitus.
1794 2131 1928 2182 Mas-

97 2196 224 2243 culus
246 2197 376 2243 enim
408 2194 519 2241 dum
542 2207 626 2253 per
656 2206 809 2240 aerem
843 2195 1108 2255 pervolans,
1138 2195 1191 2242 in
1221 2193 1397 2242 eodem.
1413 2195 1623 2254 libratus,
1652 2196 1923 2246 innumeros

96 2260 253 2324 pingit
275 2254 461 2307 horsum
475 2261 521 2305 82
546 2251 753 2303 illorsum
769 2257 1045 2306 ludibundos
1062 2257 1332 2317 maeandros,
1359 2270 1500 2319 atque
1512 2258 1717 2314 eundem
1727 2272 1920 2309 centum

96 2326 223 2389 gyris
246 2323 466 2381 diffindit,
498 2316 729 2369 ineffabili
756 2321 1031 2369 dexteritate
1066 2321 1219 2378 novit,
1253 2322 1335 2381 qui
1362 2319 1450 2370 suae
1475 2320 1688 2370 foemellae
1722 2325 1918 2373 caudam

95 2389 222 2451 porri
259 2400 305 2443 at
328 2405 340 2435 ε
374 2401 516 2447 quam
532 2383 612 2432 illa
626 2384 750 2431 inter
771 2385 1015 2432 oculorum
1037 2380 1289 2447 capitisque
1306 2386 1515 2434 confinia
1529 2400 1768 2448 receptam
1786 2390 1919 2450 pedi-

94 2453 208 2509 culis
226 2402 315 2499 suis
338 2452 482 2512 igneo
502 2463 664 2496 amore
681 2447 929 2498 tenerrime
946 2449 1340 2508 circumplectitur
1352 2485 1370 2510 ,
1403 2453 1449 2498 δι
1470 2451 1799 2500 benevolentia
1819 2467 1918 2500 rna-

92 2518 219 2564 ritali
237 2516 496 2573 blandiens,
527 2514 848 2581 circumflectit
869 2514 1099 2561 naturalia
1120 2509 1216 2572 sua,
1248 2514 1327 2561 fita
1343 2515 1395 2561 in
1426 2528 1634 2562 extrema
1657 2517 1820 2575 cauda,
1853 2518 1913 2564 ad

93 2580 249 2628 mariti
263 2575 334 2626 sui
351 2576 522 2638 virilia,
552 2578 603 2625 in
625 2577 782 2627 medio
806 2578 1054 2629 abdomine
1071 2577 1353 2641 prominula,
1384 2593 1538 2630 rorem
1558 2580 1812 2641 genitalem
1835 2580 1914 2628 de-

94 2643 317 2707 pluentia.

1860 2768 1919 2820 In
