2322 3206
845 76 1130 170 (133)

99 273 177 310 25·
211 250 371 318 Papilio
392 253 570 298 minima
587 252 722 316 pulla,
753 252 834 300 alis
850 253 1036 302 omnibus
1056 253 1230 303 maculis·
1243 251 1302 307 ἁ
1321 255 1484 320 ραηὸὶὶε
1496 254 1669 318 pallidis
1676 263 1750 319 seu
1766 279 1816 308 ex
1835 262 1926 311 albo

161 319 282 366 luteis
298 317 448 363 crebris
477 316 658 381 depiffis.
721 317 1208 383 Papiliunculusfuscus,
1236 323 1400 386 punbiis
1421 321 1614 386 plurimis
1632 323 1925 389 albicantibus,

163 378 291 432 Mus.
312 382 414 430 Pet.
437 396 542 445 325.

94 501 366 625 Corpus
395 498 614 564 supinum
636 502 839 564 nigricat
866 504 1011 553 cauda
1033 518 1243 554 extrema
1264 506 1511 560 albicante.
1574 515 1774 566 Alarum
1801 534 1925 568 mar-

236 569 370 629 gines
397 567 481 614 imi
501 566 688 615 fimbriis
718 567 831 616 albis
851 570 982 631 pullo
1004 571 1191 619 radiatis
1212 574 1367 621 ornati
1385 571 1504 622 sunt.
1569 580 1725 630 Prona
1742 584 1921 633 alarum

88 629 353 694 superficies
374 632 612 694 palziiior,
643 635 689 679 ὅτ.
709 635 897 680 maculae
912 635 1177 682 albo-luteae
1198 633 1396 697 majores
1416 641 1772 707 vicinioresque.

14 746 15 750 Ἰ
158 696 287 746 Maii
311 713 384 755 29.
418 696 468 742 in
538 692 679 743 ascuis
713 696 822 744 loco
849 696 1041 758 palustri
1072 698 1246 747 inveni.
1299 703 1485 764 ¹Quarti
1507 710 1688 766 generis
1708 711 1919 773 Papilio-

89 760 210 876 Pum
232 757 259 808 a
275 761 414 873 lnobis
432 760 494 806 ob
515 773 775 808 ervatarum
795 756 969 822 speciei
996 762 1155 825 primae
1172 763 1409 826 persimilis
1442 766 1509 816 est
1534 774 1689 831 quoad
1723 777 1921 838 colores„

113 826 172 876 ed
193 840 272 874 mu
292 837 342 873 to
361 823 530 872 minor.

368 936 453 969 22,
477 919 639 984 Papilio
651 933 793 983 parva
810 916 892 965 alis
904 914 1065 979 fitpimis
1080 918 1222 982 pullis,
1256 925 1395 983 pronis
1412 926 1644 977 viridibus.

89 1020 109 1080 Γ
238 1021 328 1069 Las
351 1018 598 1067 interiores
617 1014 770 1066 aversa
790 1028 922 1080 parte
939 1017 1064 1066 linea
1086 1019 1644 1079 punctorumalbentium
1665 1028 1863 1090 dividit3
1896 1026 1924 1076 ὲ

272 1085 437 1147 quibus
452 1083 546 1131 duo
566 1083 817 1145 insigniora
837 1079 963 1143 sunt,
992 1081 1221 1130 extimum
1237 1087 1284 1131 δε
1297 1088 1623 1147 penultimum.

160 1148 273 1199 Vidi
293 1148 418 1212 apud
439 1148 503 1195 D·
531 1145 667 1193 Dede·¹
714 1181 715 1184 =

115 1295 122 1308 ι
163 1281 434 1356 Papiliones
455 1283 676 1331 autenm?
697 1279 925 1346 clavatis,
963 1276 1118 1330 clavis
1146 1279 1474 1357 longioribus,
1494 1289 1586 1341 alis
1602 1291 1836 1364 pendulis.

93 1432 136 1466 1.
168 1412 331 1477 Papilio
348 1408 617 1472 velociffi'ma,
651 1408 732 1456 alis
752 1408 968 1469 brevibus,
1001 1425 1155 1474 corpore
1185 1411 1329 1474 craſjb‚
1361 1419 1472 1464 inter
1501 1420 1735 1470 volandum
1761 1422 1919 1487 strido·

311 1496 315 1499 ’
380 1493 467 1524 rem
487 1473 616 1522 edens.
681 1474 944 1539 Papilionum
966 1474 1200 1523 mediarum
1216 1483 1358 1542 prima
1380 1481 1638 1536 Mouffeto·

198 1600 393 1662 Orpore
413 1594 479 1646 est
502 1592 650 1644 crasso
666 1633 681 1657 ‚
714 1594 813 1658 plus
835 1595 1034 1658 digitum
1057 1596 1224 1660 longO,
1255 1601 1419 1651 colore
1442 1606 1630 1655 marino
1650 1603 1921 1657 obscuriore

227 1665 278 1712 in
295 1662 499 1721 vertice,
530 1656 753 1722 scapuli5‚
788 1663 834 1709 δε
857 1662 1016 1709 medio
1041 1659 1178 1709 dorso
1187 1699 1206 1722 ,
1239 1665 1391 1728 prope
1417 1671 1611 1719 caudam
1638 1672 1917 1735 nigricante.

87 1728 247 1778 Facies
265 1731 312 1776 δε
334 1726 505 1774 thorax
526 1725 686 1773 albent
708 1742 719 1772 ε
754 1725 921 1774 Cauda
942 1726 1054 1785 lata,
1087 1724 1267 1788 obtusa,
1299 1732 1452 1794 nigra.
1516 1735 1616 1784 Alae
1637 1751 1725 1799 pro
1746 1754 1918 1800 corpo·

88 1793 148 1842 ris
165 1793 350 1841 ratione
371 1805 539 1853 parvae,
575 1789 829 1839 exteriores
848 1787 1001 1850 fuscae,
1031 1790 1154 1838 inter
1176 1791 1512 1853 quiescendum
1536 1801 1595 1846 ad
1617 1800 1917 1851 horizontem

84 1872 236 1919 prope
258 1855 509 1919 parallelae,
542 1868 654 1914 quas
682 1853 856 1915 duplex
886 1849 1012 1904 linea
1039 1855 1178 1917 nigra
1202 1859 1424 1908 undulata
1450 1860 1704 1912 transversa
1731 1867 1914 1914 dividit.

86 1921 234 1984 Supra
255 1920 455 1982 primam
477 1919 533 1965 ad
554 1915 760 1979 scapulas
786 1919 947 1965 colore
970 1913 1075 1964 sunt
1098 1915 1365 1969 obscuriore
1385 1946 1409 1984 3—
1436 1940 1542 1985 pars
1562 1927 1707 1976 lineas
1727 1926 1919 1990 interja-

83 2000 197 2035 cens
218 1984 437 2048 pallidior
458 1979 523 2029 est
545 1984 592 2029 δε
624 1978 771 2042 prope
794 1981 980 2028 cinerea
1002 2001 1018 2040 3
1065 1994 1282 2030 extremae
1315 1986 1403 2033 alae:
1428 1989 1609 2036 iterum<²
1628 1988 1916 2042 obscuriores

82 2047 205 2101 sunt.
267 2047 368 2096 Alae
393 2045 639 2093 interiores
668 2042 800 2092 fulvae
817 2041 894 2092 seu
916 2042 1038 2092 rufae.
1103 2044 1365 2110 Utriusque
1381 2051 1461 2099 alae
1483 2068 1634 2115 prona
1654 2052 1917 2118 superficies

81 2110 284 2164 obscure
295 2106 518 2160 fulvescit.
583 2109 662 2157 Ad
685 2109 831 2157 latera
854 2109 1064 2171 corporis
1083 2109 1305 2173 utrinque
1321 2114 1374 2162 in
1395 2116 1589 2178 nigrore
1611 2122 1814 2170 maculas
1833 2123 1916 2171 ha—

85 2179 165 2229 bet
186 2176 310 2225 albas
332 2189 422 2224 tres
441 2174 493 2221 in
514 2173 678 2221 eadem
700 2175 823 2221 reeca
846 2173 945 2220 sitas
955 2209 972 2233 ,
1007 2176 1053 2220 &
1076 2173 1278 2224 anterius
1302 2178 1354 2226 in
1374 2177 1512 2229 dorso
1534 2182 1752 2245 utrinque
1769 2201 1913 2234 unam

86 2238 315 2304 majorem
352 2235 536 2287 sordide
578 2237 819 2285 albicantis
864 2234 942 2283 seu
985 2237 1193 2298 pulverei
1235 2241 1420 2290 coloris.
1481 2246 1694 2293 Antennae
1723 2250 1913 2299 clavatae

75 2306 274 2370 ‘quidem
308 2299 446 2362 sunt,
477 2297 556 2348 sed
600 2299 840 2362 fingularis
870 2300 1051 2362 figurae4
1087 2315 1187 2349 non
1222 2304 1282 2350 ad
1306 2320 1515 2355 extrema
1538 2311 1791 2375 duntaxat,
1834 2311 1914 2364 sed

85 2367 256 2431 majori
272 2365 581 2431 longitudinis
596 2378 742 2426 parte.
802 2361 1045 2414 Proboscis
1062 2367 1318 2429 praelonga,
1351 2372 1538 2432 tortilis,
1560 2375 1712 2425 bifida.
1764 2381 1914 2428 Oculi

83 2435 219 2497 parvi
242 2447 351 2481 cum
378 2429 557 2493 pupilla
586 2429 637 2476 in
669 2428 827 2475 medio
858 2428 1007 2488 nigra.
1081 2430 1399 2481 Perniciffimo
1426 2435 1602 2485 alarum
1633 2456 1764 2489 motu
1785 2444 1911 2491 inter

84 2498 341 2547 volandum
361 2495 605 2544 stridorem
626 2492 749 2551 edit,
783 2492 902 2553 Apis
930 2506 1010 2540 aut
1032 2491 1290 2543 Crabronis
1318 2497 1491 2559 instar,
1526 2506 1571 2549 &c
1605 2505 1653 2552 in
1678 2508 1908 2556 continuo

83 2559 185 2611 fere
201 2574 335 2615 motu
358 2557 442 2619 est,
474 2558 553 2604 vix
571 2556 704 2605 ullibi
726 2553 983 2617 quiescens,
1013 2571 1102 2604 nec
1120 2557 1271 2606 herbis
1291 2560 1519 2626 infidens3
1552 2562 1626 2615 sed
1652 2572 1699 2617 in
1727 2586 1834 2618 azre
1862 2569 1909 2621 se

84 2625 275 2684 librans,
306 2623 426 2685 Apis
447 2621 590 2669 instar
617 2616 942 2680 proboscidem
963 2633 1141 2680 exerat,
1172 2625 1218 2670 δε
1241 2624 1291 2671 in
1315 2624 1665 2693 caryophyllos‚
1699 2630 1909 2697 aliosque

84 2688 509 2752 plantarumflores
531 2684 761 2742 immittit,
795 2686 841 2731 δε
863 2684 1136 2732 alimentum
1160 2684 1372 2751 exsugit3
1405 2707 1545 2752 atque
1576 2697 1640 2742 ita
1669 2712 1718 2742 ut·
1738 2694 1783 2744 se
1807 2716 1906 2748 non

84 2752 362 2817 deponant:
392 2746 655 2801 sedentibus
675 2748 804 2798 enim
825 2747 988 2809 iisprae
1005 2748 1154 2798 nimia
1173 2753 1347 2815 pedum
1370 2757 1590 2807 brevitate
1620 2770 1786 2809 acuieo
1807 2780 1908 2812 nen

1797 2828 1911 2878 lice-
