<?xml version="1.0" encoding="UTF-8"?>
<!DOCTYPE html PUBLIC "-//W3C//DTD XHTML 1.0 Transitional//EN"
    "http://www.w3.org/TR/xhtml1/DTD/xhtml1-transitional.dtd">
<html xmlns="http://www.w3.org/1999/xhtml" xml:lang="en" lang="en">
 <head>
  <title>
</title>
<meta http-equiv="Content-Type" content="text/html;charset=utf-8" />
  <meta name='ocr-system' content='tesseract 3.04.00' />
  <meta name='ocr-capabilities' content='ocr_page ocr_carea ocr_par ocr_line ocrx_word'/>
</head>
<body>
  <div class='ocr_page' id='page_1' title='image "./historiainsector00rayj_0164.png"; bbox 0 0 2322 3206; ppageno 0'>
   <div class='ocr_carea' id='block_1_1' title="bbox 1092 55 1400 153">
    <p class='ocr_par' dir='ltr' id='par_1_1' title="bbox 1092 55 1400 153">
     <span class='ocr_line' id='line_1_1' title="bbox 1092 55 1400 153; baseline -0.006 0"><span class='ocrx_word' id='word_1_1' title='bbox 1092 60 1135 153; x_wconf 84' lang='lat'>¹(</span> <span class='ocrx_word' id='word_1_2' title='bbox 1190 55 1400 152; x_wconf 78' lang='lat'>¹36)</span> 
     </span>
    </p>
   </div>
   <div class='ocr_carea' id='block_1_2' title="bbox 337 203 2179 371">
    <p class='ocr_par' dir='ltr' id='par_1_2' title="bbox 337 203 2179 371">
     <span class='ocr_line' id='line_1_2' title="bbox 337 203 2179 371; baseline -0.007 -73"><span class='ocrx_word' id='word_1_3' title='bbox 337 250 515 318; x_wconf 79' lang='lat' dir='ltr'>Papilio</span> <span class='ocrx_word' id='word_1_4' title='bbox 532 244 689 312; x_wconf 77' lang='lat' dir='ltr'>media,</span> <span class='ocrx_word' id='word_1_5' title='bbox 722 243 802 295; x_wconf 71' lang='lat' dir='ltr'>alie</span> <span class='ocrx_word' id='word_1_6' title='bbox 831 243 987 308; x_wconf 74' lang='lat' dir='ltr'>pronis,</span> <span class='ocrx_word' id='word_1_7' title='bbox 1011 235 1251 371; x_wconf 48' lang='grc' dir='ltr'>,9νῇῒῖἐῖἷέ</span> <span class='ocrx_word' id='word_1_8' title='bbox 1266 232 1547 366; x_wconf 44' lang='grc' dir='ltr'>ἶὲεἰνέἶὲῗῦκε,</span> <span class='ocrx_word' id='word_1_9' title='bbox 1577 203 1754 284; x_wconf 70' lang='lat' dir='ltr'>maculis</span> <span class='ocrx_word' id='word_1_10' title='bbox 1777 233 1957 299; x_wconf 70' lang='lat' dir='ltr'>oblongis</span> <span class='ocrx_word' id='word_1_11' title='bbox 1976 240 2179 300; x_wconf 67' lang='lat' dir='ltr'>argenteis</span> 
     </span>
    </p>
   </div>
   <div class='ocr_carea' id='block_1_3' title="bbox 301 417 2187 687">
    <p class='ocr_par' dir='ltr' id='par_1_3' title="bbox 435 417 2185 500">
     <span class='ocr_line' id='line_1_3' title="bbox 435 417 2185 500; baseline -0.01 -15"><span class='ocrx_word' id='word_1_12' title='bbox 435 435 602 500; x_wconf 86' lang='lat' dir='ltr'>Upina</span> <span class='ocrx_word' id='word_1_13' title='bbox 622 431 762 480; x_wconf 86' lang='lat' dir='ltr'>facies</span> <span class='ocrx_word' id='word_1_14' title='bbox 784 421 1003 476; x_wconf 74' lang='lat' dir='ltr'>intensius</span> <span class='ocrx_word' id='word_1_15' title='bbox 1024 419 1289 475; x_wconf 70' lang='lat' dir='ltr'>&amp;lucidius</span> <span class='ocrx_word' id='word_1_16' title='bbox 1320 419 1421 472; x_wconf 84' lang='lat' dir='ltr'>rufa</span> <span class='ocrx_word' id='word_1_17' title='bbox 1442 417 1526 480; x_wconf 85' lang='lat' dir='ltr'>est,</span> <span class='ocrx_word' id='word_1_18' title='bbox 1559 419 1712 468; x_wconf 88' lang='lat' dir='ltr'>nervis</span> <span class='ocrx_word' id='word_1_19' title='bbox 1739 419 1791 468; x_wconf 90' lang='lat' dir='ltr'>in</span> <span class='ocrx_word' id='word_1_20' title='bbox 1827 420 1910 468; x_wconf 83' lang='lat' dir='ltr'>alis</span> <span class='ocrx_word' id='word_1_21' title='bbox 1937 420 2185 470; x_wconf 80' lang='lat' dir='ltr'>exteriori-</span> 
     </span>
    </p>

    <p class='ocr_par' dir='ltr' id='par_1_4' title="bbox 301 480 2187 687">
     <span class='ocr_line' id='line_1_4' title="bbox 469 480 2185 558; baseline -0.01 -10"><span class='ocrx_word' id='word_1_22' title='bbox 469 502 550 548; x_wconf 89' lang='lat' dir='ltr'>bus</span> <span class='ocrx_word' id='word_1_23' title='bbox 575 496 756 558; x_wconf 84' lang='lat' dir='ltr'>nigris,</span> <span class='ocrx_word' id='word_1_24' title='bbox 788 491 981 540; x_wconf 88' lang='lat' dir='ltr'>maculis</span> <span class='ocrx_word' id='word_1_25' title='bbox 1002 491 1146 539; x_wconf 87' lang='lat' dir='ltr'>etiam</span> <span class='ocrx_word' id='word_1_26' title='bbox 1168 503 1319 552; x_wconf 81' lang='lat' dir='ltr'>prope</span> <span class='ocrx_word' id='word_1_27' title='bbox 1334 486 1566 536; x_wconf 87' lang='lat' dir='ltr'>extimum</span> <span class='ocrx_word' id='word_1_28' title='bbox 1586 485 1700 533; x_wconf 86' lang='lat' dir='ltr'>latus</span> <span class='ocrx_word' id='word_1_29' title='bbox 1721 480 1982 545; x_wconf 80' lang='lat' dir='ltr'>majusculis</span> <span class='ocrx_word' id='word_1_30' title='bbox 2001 485 2149 549; x_wconf 84' lang='lat' dir='ltr'>nigris</span> <span class='ocrx_word' id='word_1_31' title='bbox 2170 500 2185 531; x_wconf 67' lang='grc' dir='ltr'>ι</span> 
     </span>
     <span class='ocr_line' id='line_1_5' title="bbox 301 548 2187 618; baseline -0.009 -3"><span class='ocrx_word' id='word_1_32' title='bbox 301 611 306 615; x_wconf 91' lang='grc'><em>.</em></span> <span class='ocrx_word' id='word_1_33' title='bbox 353 565 598 612; x_wconf 86' lang='lat' dir='ltr'>interiores</span> <span class='ocrx_word' id='word_1_34' title='bbox 613 562 693 608; x_wconf 88' lang='lat' dir='ltr'>alae</span> <span class='ocrx_word' id='word_1_35' title='bbox 711 558 768 606; x_wconf 86' lang='lat' dir='ltr'>ad</span> <span class='ocrx_word' id='word_1_36' title='bbox 794 557 942 605; x_wconf 87' lang='lat' dir='ltr'>imum</span> <span class='ocrx_word' id='word_1_37' title='bbox 962 554 1227 618; x_wconf 83' lang='lat' dir='ltr'>marginem</span> <span class='ocrx_word' id='word_1_38' title='bbox 1241 552 1445 604; x_wconf 64' lang='lat' dir='ltr'>&gt;circulos</span> <span class='ocrx_word' id='word_1_39' title='bbox 1471 550 1691 599; x_wconf 85' lang='lat' dir='ltr'>obtinent</span> <span class='ocrx_word' id='word_1_40' title='bbox 1721 549 1885 613; x_wconf 88' lang='lat' dir='ltr'>nigros</span> <span class='ocrx_word' id='word_1_41' title='bbox 1915 566 1950 613; x_wconf 88' lang='lat'>4</span> <span class='ocrx_word' id='word_1_42' title='bbox 1973 549 2050 598; x_wconf 80' lang='lat' dir='ltr'>vel</span> <span class='ocrx_word' id='word_1_43' title='bbox 2080 548 2187 612; x_wconf 52' lang='lat' dir='ltr'>qiu</span> 
     </span>
     <span class='ocr_line' id='line_1_6' title="bbox 357 620 987 687; baseline -0.013 -11"><span class='ocrx_word' id='word_1_44' title='bbox 357 628 484 676; x_wconf 90' lang='lat' dir='ltr'>linea</span> <span class='ocrx_word' id='word_1_45' title='bbox 503 624 730 687; x_wconf 82' lang='lat' dir='ltr'>marginis</span> <span class='ocrx_word' id='word_1_46' title='bbox 750 620 987 687; x_wconf 77' lang='lat' dir='ltr'>parallela.</span> 
     </span>
    </p>
   </div>
   <div class='ocr_carea' id='block_1_4' title="bbox 375 722 2179 831">
    <p class='ocr_par' dir='ltr' id='par_1_5' title="bbox 375 722 2179 831">
     <span class='ocr_line' id='line_1_7' title="bbox 375 722 2179 831; baseline -0.007 -18"><span class='ocrx_word' id='word_1_47' title='bbox 375 763 542 831; x_wconf 73' lang='lat' dir='ltr'>Papilio</span> <span class='ocrx_word' id='word_1_48' title='bbox 562 762 672 830; x_wconf 80' lang='lat' dir='ltr'>pulla</span> <span class='ocrx_word' id='word_1_49' title='bbox 693 757 868 809; x_wconf 64' lang='lat' dir='ltr'>maculas·</span> <span class='ocrx_word' id='word_1_50' title='bbox 889 722 1041 818; x_wconf 47' lang='lat' dir='ltr'>rubrtr,</span> <span class='ocrx_word' id='word_1_51' title='bbox 1076 755 1096 804; x_wconf 78' lang='grc' dir='ltr'><em>ὲ</em></span> <span class='ocrx_word' id='word_1_52' title='bbox 1113 750 1231 803; x_wconf 78' lang='lat' dir='ltr'>rubro</span> <span class='ocrx_word' id='word_1_53' title='bbox 1246 753 1546 816; x_wconf 80' lang='lat' dir='ltr'><em>albicantibus,</em></span> <span class='ocrx_word' id='word_1_54' title='bbox 1578 750 1636 806; x_wconf 54' lang='grc' dir='ltr'>(θ’</span> <span class='ocrx_word' id='word_1_55' title='bbox 1655 750 1832 800; x_wconf 78' lang='lat' dir='ltr'>circellis</span> <span class='ocrx_word' id='word_1_56' title='bbox 1848 751 1979 800; x_wconf 66' lang='lat' dir='ltr'>«luteis</span> <span class='ocrx_word' id='word_1_57' title='bbox 1996 750 2179 814; x_wconf 66' lang='lat' dir='ltr'>depiblis.</span> 
     </span>
    </p>
   </div>
   <div class='ocr_carea' id='block_1_5' title="bbox 359 870 2201 1451">
    <p class='ocr_par' dir='ltr' id='par_1_6' title="bbox 359 870 2201 1451">
     <span class='ocr_line' id='line_1_8' title="bbox 375 870 2193 1008; baseline -0.009 -72"><span class='ocrx_word' id='word_1_58' title='bbox 375 886 614 1008; x_wconf 79' lang='lat' dir='ltr'>ALAE</span> <span class='ocrx_word' id='word_1_59' title='bbox 641 881 895 931; x_wconf 78' lang='lat' dir='ltr'>exteriores</span> <span class='ocrx_word' id='word_1_60' title='bbox 922 873 1129 942; x_wconf 73' lang='lat' dir='ltr'>superius</span> <span class='ocrx_word' id='word_1_61' title='bbox 1153 877 1211 925; x_wconf 88' lang='lat' dir='ltr'>ad</span> <span class='ocrx_word' id='word_1_62' title='bbox 1235 878 1462 926; x_wconf 88' lang='lat' dir='ltr'>extimum</span> <span class='ocrx_word' id='word_1_63' title='bbox 1492 877 1612 938; x_wconf 85' lang='lat' dir='ltr'>latus</span> <span class='ocrx_word' id='word_1_64' title='bbox 1644 871 1756 921; x_wconf 84' lang='lat' dir='ltr'>duas</span> <span class='ocrx_word' id='word_1_65' title='bbox 1779 871 1957 924; x_wconf 86' lang='lat' dir='ltr'>habent</span> <span class='ocrx_word' id='word_1_66' title='bbox 1990 870 2193 936; x_wconf 82' lang='lat' dir='ltr'>maculas</span> 
     </span>
     <span class='ocr_line' id='line_1_9' title="bbox 542 936 2195 1009; baseline -0.008 -11"><span class='ocrx_word' id='word_1_67' title='bbox 542 949 771 1009; x_wconf 82' lang='lat' dir='ltr'>oblongas</span> <span class='ocrx_word' id='word_1_68' title='bbox 792 946 963 994; x_wconf 84' lang='lat' dir='ltr'>rubras.</span> <span class='ocrx_word' id='word_1_69' title='bbox 1032 943 1147 991; x_wconf 91' lang='lat' dir='ltr'>Non</span> <span class='ocrx_word' id='word_1_70' title='bbox 1181 942 1324 1005; x_wconf 90' lang='lat' dir='ltr'>longe</span> <span class='ocrx_word' id='word_1_71' title='bbox 1347 943 1406 990; x_wconf 85' lang='lat' dir='ltr'>ab</span> <span class='ocrx_word' id='word_1_72' title='bbox 1429 943 1610 990; x_wconf 86' lang='lat' dir='ltr'>extimo</span> <span class='ocrx_word' id='word_1_73' title='bbox 1639 938 1817 1001; x_wconf 85' lang='lat' dir='ltr'>angulo</span> <span class='ocrx_word' id='word_1_74' title='bbox 1848 954 1956 988; x_wconf 88' lang='lat' dir='ltr'>area</span> <span class='ocrx_word' id='word_1_75' title='bbox 1984 939 2079 987; x_wconf 86' lang='lat' dir='ltr'>lata</span> <span class='ocrx_word' id='word_1_76' title='bbox 2110 936 2195 985; x_wconf 76' lang='lat' dir='ltr'>ob-</span> 
     </span>
     <span class='ocr_line' id='line_1_10' title="bbox 359 1002 2197 1076; baseline -0.008 -12"><span class='ocrx_word' id='word_1_77' title='bbox 359 1011 492 1076; x_wconf 72' lang='lat' dir='ltr'>lique</span> <span class='ocrx_word' id='word_1_78' title='bbox 511 1007 784 1069; x_wconf 84' lang='lat' dir='ltr'>transversa,</span> <span class='ocrx_word' id='word_1_79' title='bbox 815 1010 919 1058; x_wconf 86' lang='lat' dir='ltr'>alba</span> <span class='ocrx_word' id='word_1_80' title='bbox 943 1007 1087 1055; x_wconf 92' lang='lat' dir='ltr'>rubro</span> <span class='ocrx_word' id='word_1_81' title='bbox 1118 1005 1266 1053; x_wconf 88' lang='lat' dir='ltr'>diluta</span> <span class='ocrx_word' id='word_1_82' title='bbox 1283 1027 1299 1067; x_wconf 83' lang='lat'>3</span> <span class='ocrx_word' id='word_1_83' title='bbox 1329 1002 1459 1067; x_wconf 84' lang='lat' dir='ltr'>juxta</span> <span class='ocrx_word' id='word_1_84' title='bbox 1481 1003 1622 1069; x_wconf 87' lang='lat' dir='ltr'>quem</span> <span class='ocrx_word' id='word_1_85' title='bbox 1662 1004 1873 1052; x_wconf 83' lang='lat' dir='ltr'>circellus</span> <span class='ocrx_word' id='word_1_86' title='bbox 1910 1004 2049 1065; x_wconf 80' lang='lat' dir='ltr'>niger</span> <span class='ocrx_word' id='word_1_87' title='bbox 2088 1016 2197 1050; x_wconf 88' lang='lat' dir='ltr'>cum</span> 
     </span>
     <span class='ocr_line' id='line_1_11' title="bbox 363 1066 2199 1140; baseline -0.008 -12"><span class='ocrx_word' id='word_1_88' title='bbox 363 1080 542 1140; x_wconf 70' lang='lat' dir='ltr'>puneto</span> <span class='ocrx_word' id='word_1_89' title='bbox 563 1077 694 1125; x_wconf 85' lang='lat' dir='ltr'>luteo</span> <span class='ocrx_word' id='word_1_90' title='bbox 708 1075 761 1122; x_wconf 92' lang='lat' dir='ltr'>in</span> <span class='ocrx_word' id='word_1_91' title='bbox 777 1073 951 1121; x_wconf 87' lang='lat' dir='ltr'>medio.</span> <span class='ocrx_word' id='word_1_92' title='bbox 987 1070 1240 1119; x_wconf 89' lang='lat' dir='ltr'>Interiores</span> <span class='ocrx_word' id='word_1_93' title='bbox 1254 1070 1347 1117; x_wconf 80' lang='lat' dir='ltr'>alas</span> <span class='ocrx_word' id='word_1_94' title='bbox 1368 1070 1462 1117; x_wconf 89' lang='lat' dir='ltr'>duo</span> <span class='ocrx_word' id='word_1_95' title='bbox 1473 1070 1602 1117; x_wconf 86' lang='lat' dir='ltr'>velut</span> <span class='ocrx_word' id='word_1_96' title='bbox 1612 1068 1754 1116; x_wconf 83' lang='lat' dir='ltr'>ocelli</span> <span class='ocrx_word' id='word_1_97' title='bbox 1767 1067 2030 1116; x_wconf 79' lang='lat' dir='ltr'>linealutea</span> <span class='ocrx_word' id='word_1_98' title='bbox 2043 1066 2199 1129; x_wconf 82' lang='lat' dir='ltr'>pupil-</span> 
     </span>
     <span class='ocr_line' id='line_1_12' title="bbox 360 1131 2198 1206; baseline -0.007 -14"><span class='ocrx_word' id='word_1_99' title='bbox 360 1143 459 1191; x_wconf 83' lang='lat' dir='ltr'>lam</span> <span class='ocrx_word' id='word_1_100' title='bbox 477 1143 665 1206; x_wconf 84' lang='lat' dir='ltr'>nigram</span> <span class='ocrx_word' id='word_1_101' title='bbox 677 1139 921 1202; x_wconf 84' lang='lat' dir='ltr'>cingente,</span> <span class='ocrx_word' id='word_1_102' title='bbox 945 1131 1122 1196; x_wconf 78' lang='lat' dir='ltr'>majore</span> <span class='ocrx_word' id='word_1_103' title='bbox 1145 1134 1203 1181; x_wconf 87' lang='lat' dir='ltr'>ad</span> <span class='ocrx_word' id='word_1_104' title='bbox 1221 1134 1423 1182; x_wconf 87' lang='lat' dir='ltr'>exterius</span> <span class='ocrx_word' id='word_1_105' title='bbox 1437 1134 1518 1181; x_wconf 80' lang='lat' dir='ltr'>alae</span> <span class='ocrx_word' id='word_1_106' title='bbox 1540 1134 1675 1191; x_wconf 86' lang='lat' dir='ltr'>latus,</span> <span class='ocrx_word' id='word_1_107' title='bbox 1707 1131 1892 1180; x_wconf 85' lang='lat' dir='ltr'>minore</span> <span class='ocrx_word' id='word_1_108' title='bbox 1912 1132 1971 1179; x_wconf 87' lang='lat' dir='ltr'>ad</span> <span class='ocrx_word' id='word_1_109' title='bbox 1993 1131 2198 1180; x_wconf 89' lang='lat' dir='ltr'>interius.</span> 
     </span>
     <span class='ocr_line' id='line_1_13' title="bbox 363 1194 2200 1267; baseline -0.007 -11"><span class='ocrx_word' id='word_1_110' title='bbox 363 1208 525 1257; x_wconf 86' lang='lat' dir='ltr'>Lineae</span> <span class='ocrx_word' id='word_1_111' title='bbox 540 1206 686 1267; x_wconf 84' lang='lat' dir='ltr'>nigrae</span> <span class='ocrx_word' id='word_1_112' title='bbox 708 1205 754 1250; x_wconf 82' lang='lat'>&amp;</span> <span class='ocrx_word' id='word_1_113' title='bbox 784 1201 1038 1250; x_wconf 74' lang='lat' dir='ltr'>aibicante&#39;s</span> <span class='ocrx_word' id='word_1_114' title='bbox 1059 1198 1184 1245; x_wconf 79' lang='lat' dir='ltr'>alam</span> <span class='ocrx_word' id='word_1_115' title='bbox 1206 1198 1474 1245; x_wconf 87' lang='lat' dir='ltr'>terminant.</span> <span class='ocrx_word' id='word_1_116' title='bbox 1539 1194 1742 1247; x_wconf 84' lang='lat' dir='ltr'>Maculae</span> <span class='ocrx_word' id='word_1_117' title='bbox 1764 1196 1933 1245; x_wconf 89' lang='lat' dir='ltr'>eaedem</span> <span class='ocrx_word' id='word_1_118' title='bbox 1960 1197 2015 1245; x_wconf 92' lang='lat' dir='ltr'>in</span> <span class='ocrx_word' id='word_1_119' title='bbox 2041 1195 2200 1259; x_wconf 85' lang='lat' dir='ltr'>pronis</span> 
     </span>
     <span class='ocr_line' id='line_1_14' title="bbox 366 1256 2201 1334; baseline -0.008 -14"><span class='ocrx_word' id='word_1_120' title='bbox 366 1287 468 1334; x_wconf 78' lang='lat' dir='ltr'>quae</span> <span class='ocrx_word' id='word_1_121' title='bbox 489 1272 541 1318; x_wconf 92' lang='lat' dir='ltr'>in</span> <span class='ocrx_word' id='word_1_122' title='bbox 557 1265 731 1332; x_wconf 84' lang='lat' dir='ltr'>supinis</span> <span class='ocrx_word' id='word_1_123' title='bbox 750 1266 832 1313; x_wconf 84' lang='lat' dir='ltr'>alis</span> <span class='ocrx_word' id='word_1_124' title='bbox 853 1276 1124 1313; x_wconf 88' lang='lat' dir='ltr'>cernuntur.</span> <span class='ocrx_word' id='word_1_125' title='bbox 1189 1261 1346 1310; x_wconf 90' lang='lat' dir='ltr'>Color</span> <span class='ocrx_word' id='word_1_126' title='bbox 1364 1275 1521 1309; x_wconf 88' lang='lat' dir='ltr'>autem</span> <span class='ocrx_word' id='word_1_127' title='bbox 1547 1277 1646 1310; x_wconf 90' lang='lat' dir='ltr'>non</span> <span class='ocrx_word' id='word_1_128' title='bbox 1667 1260 1817 1322; x_wconf 88' lang='lat' dir='ltr'>pullus</span> <span class='ocrx_word' id='word_1_129' title='bbox 1837 1258 1923 1320; x_wconf 90' lang='lat' dir='ltr'>est,</span> <span class='ocrx_word' id='word_1_130' title='bbox 1954 1257 2032 1308; x_wconf 90' lang='lat' dir='ltr'>sed</span> <span class='ocrx_word' id='word_1_131' title='bbox 2059 1256 2201 1317; x_wconf 87' lang='lat' dir='ltr'>rufus,</span> 
     </span>
     <span class='ocr_line' id='line_1_15' title="bbox 367 1320 2201 1386; baseline -0.005 -2"><span class='ocrx_word' id='word_1_132' title='bbox 367 1349 448 1384; x_wconf 86' lang='lat' dir='ltr'>aut</span> <span class='ocrx_word' id='word_1_133' title='bbox 477 1333 626 1384; x_wconf 82' lang='lat' dir='ltr'>fulvus</span> <span class='ocrx_word' id='word_1_134' title='bbox 647 1330 883 1379; x_wconf 74' lang='lat' dir='ltr'>intensior.</span> <span class='ocrx_word' id='word_1_135' title='bbox 956 1326 1056 1376; x_wconf 87' lang='lat' dir='ltr'>Alae</span> <span class='ocrx_word' id='word_1_136' title='bbox 1085 1325 1333 1373; x_wconf 90' lang='lat' dir='ltr'>interiores</span> <span class='ocrx_word' id='word_1_137' title='bbox 1359 1326 1535 1374; x_wconf 78' lang='lat' dir='ltr'>lineam</span> <span class='ocrx_word' id='word_1_138' title='bbox 1559 1325 1814 1373; x_wconf 83' lang='lat' dir='ltr'>albicantes</span> <span class='ocrx_word' id='word_1_139' title='bbox 1842 1321 2033 1386; x_wconf 69' lang='lat' dir='ltr'>oblique</span> <span class='ocrx_word' id='word_1_140' title='bbox 2054 1320 2201 1374; x_wconf 80' lang='lat' dir='ltr'>trans-</span> 
     </span>
     <span class='ocr_line' id='line_1_16' title="bbox 367 1385 1987 1451; baseline -0.007 -1"><span class='ocrx_word' id='word_1_141' title='bbox 367 1395 546 1451; x_wconf 81' lang='lat' dir='ltr'>versam</span> <span class='ocrx_word' id='word_1_142' title='bbox 564 1398 624 1447; x_wconf 89' lang='lat' dir='ltr'>ab</span> <span class='ocrx_word' id='word_1_143' title='bbox 645 1394 880 1445; x_wconf 85' lang='lat' dir='ltr'>exteriore</span> <span class='ocrx_word' id='word_1_144' title='bbox 896 1391 1044 1439; x_wconf 89' lang='lat' dir='ltr'>latere</span> <span class='ocrx_word' id='word_1_145' title='bbox 1079 1389 1137 1437; x_wconf 85' lang='lat' dir='ltr'>ad</span> <span class='ocrx_word' id='word_1_146' title='bbox 1161 1390 1355 1439; x_wconf 88' lang='lat' dir='ltr'>interius</span> <span class='ocrx_word' id='word_1_147' title='bbox 1370 1385 1730 1439; x_wconf 87' lang='lat' dir='ltr'>descendentem</span> <span class='ocrx_word' id='word_1_148' title='bbox 1752 1389 1987 1438; x_wconf 86' lang='lat' dir='ltr'>obtinent.</span> 
     </span>
    </p>
   </div>
   <div class='ocr_carea' id='block_1_6' title="bbox 476 1521 2078 1600">
    <p class='ocr_par' dir='ltr' id='par_1_7' title="bbox 476 1521 2078 1600">
     <span class='ocr_line' id='line_1_17' title="bbox 476 1521 2078 1600; baseline -0.004 -20"><span class='ocrx_word' id='word_1_149' title='bbox 476 1530 639 1600; x_wconf 81' lang='lat' dir='ltr'>Papilio</span> <span class='ocrx_word' id='word_1_150' title='bbox 654 1529 947 1594; x_wconf 60' lang='lat' dir='ltr'>parvasnigra</span> <span class='ocrx_word' id='word_1_151' title='bbox 966 1523 1123 1592; x_wconf 78' lang='lat' dir='ltr'>duplici</span> <span class='ocrx_word' id='word_1_152' title='bbox 1147 1526 1192 1573; x_wconf 76' lang='lat' dir='ltr'>in</span> <span class='ocrx_word' id='word_1_153' title='bbox 1210 1523 1292 1572; x_wconf 81' lang='lat' dir='ltr'>alis</span> <span class='ocrx_word' id='word_1_154' title='bbox 1308 1524 1577 1574; x_wconf 73' lang='lat' dir='ltr'>exterioribus</span> <span class='ocrx_word' id='word_1_155' title='bbox 1590 1522 1758 1573; x_wconf 75' lang='lat' dir='ltr'>macula</span> <span class='ocrx_word' id='word_1_156' title='bbox 1777 1521 1874 1572; x_wconf 83' lang='lat' dir='ltr'>alba</span> <span class='ocrx_word' id='word_1_157' title='bbox 1892 1522 2078 1588; x_wconf 78' lang='lat' dir='ltr'>infignis.</span> 
     </span>
    </p>
   </div>
   <div class='ocr_carea' id='block_1_7' title="bbox 496 1642 2191 1707">
    <p class='ocr_par' dir='ltr' id='par_1_8' title="bbox 496 1642 2191 1707">
     <span class='ocr_line' id='line_1_18' title="bbox 496 1642 2191 1707; baseline -0.007 -3"><span class='ocrx_word' id='word_1_158' title='bbox 496 1653 703 1705; x_wconf 68' lang='lat' dir='ltr'>Maeuiis</span> <span class='ocrx_word' id='word_1_159' title='bbox 722 1652 836 1701; x_wconf 85' lang='lat' dir='ltr'>albis</span> <span class='ocrx_word' id='word_1_160' title='bbox 857 1665 951 1699; x_wconf 86' lang='lat' dir='ltr'>una</span> <span class='ocrx_word' id='word_1_161' title='bbox 975 1649 1034 1697; x_wconf 83' lang='lat' dir='ltr'>ad</span> <span class='ocrx_word' id='word_1_162' title='bbox 1055 1646 1259 1696; x_wconf 81' lang='lat' dir='ltr'>exterius</span> <span class='ocrx_word' id='word_1_163' title='bbox 1274 1646 1355 1695; x_wconf 86' lang='lat' dir='ltr'>alae</span> <span class='ocrx_word' id='word_1_164' title='bbox 1369 1645 1504 1707; x_wconf 79' lang='lat' dir='ltr'>latu5‚</span> <span class='ocrx_word' id='word_1_165' title='bbox 1544 1646 1693 1695; x_wconf 84' lang='lat' dir='ltr'>altera</span> <span class='ocrx_word' id='word_1_166' title='bbox 1716 1646 1776 1695; x_wconf 90' lang='lat' dir='ltr'>ad</span> <span class='ocrx_word' id='word_1_167' title='bbox 1799 1645 1993 1695; x_wconf 90' lang='lat' dir='ltr'>interius</span> <span class='ocrx_word' id='word_1_168' title='bbox 2014 1645 2095 1694; x_wconf 75' lang='lat' dir='ltr'>sita</span> <span class='ocrx_word' id='word_1_169' title='bbox 2123 1642 2191 1693; x_wconf 82' lang='lat' dir='ltr'>est</span> 
     </span>
    </p>
   </div>
   <div class='ocr_carea' id='block_1_8' title="bbox 375 1679 2208 1834">
    <p class='ocr_par' dir='ltr' id='par_1_9' title="bbox 375 1679 2208 1834">
     <span class='ocr_line' id='line_1_19' title="bbox 543 1679 2208 1780; baseline -0.006 -12"><span class='ocrx_word' id='word_1_170' title='bbox 543 1720 602 1768; x_wconf 90' lang='lat' dir='ltr'>In</span> <span class='ocrx_word' id='word_1_171' title='bbox 624 1732 780 1780; x_wconf 86' lang='lat' dir='ltr'>prono</span> <span class='ocrx_word' id='word_1_172' title='bbox 804 1717 950 1766; x_wconf 85' lang='lat' dir='ltr'>latere</span> <span class='ocrx_word' id='word_1_173' title='bbox 968 1713 1120 1776; x_wconf 89' lang='lat' dir='ltr'>plures</span> <span class='ocrx_word' id='word_1_174' title='bbox 1150 1710 1343 1761; x_wconf 86' lang='lat' dir='ltr'>maculae</span> <span class='ocrx_word' id='word_1_175' title='bbox 1371 1711 1482 1760; x_wconf 86' lang='lat' dir='ltr'>albae</span> <span class='ocrx_word' id='word_1_176' title='bbox 1511 1711 1564 1761; x_wconf 89' lang='lat' dir='ltr'>in</span> <span class='ocrx_word' id='word_1_177' title='bbox 1593 1711 1722 1760; x_wconf 87' lang='lat' dir='ltr'>linea</span> <span class='ocrx_word' id='word_1_178' title='bbox 1747 1711 1806 1759; x_wconf 91' lang='lat' dir='ltr'>ad</span> <span class='ocrx_word' id='word_1_179' title='bbox 1833 1712 1928 1759; x_wconf 86' lang='lat' dir='ltr'>alas</span> <span class='ocrx_word' id='word_1_180' title='bbox 1949 1679 2208 1760; x_wconf 68' lang='lat' dir='ltr'>transversa⁸</span> 
     </span>
     <span class='ocr_line' id='line_1_20' title="bbox 375 1795 648 1834; baseline -0.011 -1"><span class='ocrx_word' id='word_1_181' title='bbox 375 1795 648 1834; x_wconf 84' lang='lat' dir='ltr'>cernuntur.</span> 
     </span>
    </p>
   </div>
   <div class='ocr_carea' id='block_1_9' title="bbox 431 1899 2153 1971">
    <p class='ocr_par' dir='ltr' id='par_1_10' title="bbox 431 1899 2153 1971">
     <span class='ocr_line' id='line_1_21' title="bbox 431 1899 2153 1971; baseline -0.008 -7"><span class='ocrx_word' id='word_1_182' title='bbox 431 1911 634 1964; x_wconf 82' lang='lat' dir='ltr'>Phalaena</span> <span class='ocrx_word' id='word_1_183' title='bbox 656 1907 816 1971; x_wconf 77' lang='lat' dir='ltr'>robusta</span> <span class='ocrx_word' id='word_1_184' title='bbox 839 1905 957 1953; x_wconf 74' lang='lat' dir='ltr'>rubro</span> <span class='ocrx_word' id='word_1_185' title='bbox 980 1899 1037 1955; x_wconf 49' lang='grc' dir='ltr'>ό*</span> <span class='ocrx_word' id='word_1_186' title='bbox 1058 1899 1217 1964; x_wconf 62' lang='lat' dir='ltr'>obscur&amp;</span> <span class='ocrx_word' id='word_1_187' title='bbox 1232 1907 1381 1952; x_wconf 82' lang='lat' dir='ltr'>citrino</span> <span class='ocrx_word' id='word_1_188' title='bbox 1402 1900 1462 1956; x_wconf 55' lang='grc' dir='ltr'>(θ’</span> <span class='ocrx_word' id='word_1_189' title='bbox 1483 1901 1574 1950; x_wconf 89' lang='lat' dir='ltr'>albo</span> <span class='ocrx_word' id='word_1_190' title='bbox 1590 1901 1785 1951; x_wconf 75' lang='lat' dir='ltr'>coloribus</span> <span class='ocrx_word' id='word_1_191' title='bbox 1795 1900 1962 1967; x_wconf 62' lang='lat' dir='ltr'>pulchre</span> <span class='ocrx_word' id='word_1_192' title='bbox 1977 1900 2153 1967; x_wconf 61' lang='lat' dir='ltr'>depibla.</span> 
     </span>
    </p>
   </div>
   <div class='ocr_carea' id='block_1_10' title="bbox 504 2026 2211 2096">
    <p class='ocr_par' dir='ltr' id='par_1_11' title="bbox 504 2026 2211 2096">
     <span class='ocr_line' id='line_1_22' title="bbox 504 2026 2211 2096; baseline -0.004 -9"><span class='ocrx_word' id='word_1_193' title='bbox 504 2034 678 2088; x_wconf 85' lang='lat' dir='ltr'>Orsum</span> <span class='ocrx_word' id='word_1_194' title='bbox 695 2033 778 2086; x_wconf 84' lang='lat' dir='ltr'>seu·</span> <span class='ocrx_word' id='word_1_195' title='bbox 787 2033 957 2084; x_wconf 82' lang='lat' dir='ltr'>thorax</span> <span class='ocrx_word' id='word_1_196' title='bbox 974 2029 1135 2096; x_wconf 87' lang='lat' dir='ltr'>supina</span> <span class='ocrx_word' id='word_1_197' title='bbox 1157 2033 1216 2082; x_wconf 89' lang='lat' dir='ltr'>de</span> <span class='ocrx_word' id='word_1_198' title='bbox 1236 2046 1438 2095; x_wconf 89' lang='lat' dir='ltr'>utroque</span> <span class='ocrx_word' id='word_1_199' title='bbox 1462 2029 1621 2080; x_wconf 84' lang='lat' dir='ltr'>colore</span> <span class='ocrx_word' id='word_1_200' title='bbox 1643 2030 1912 2094; x_wconf 85' lang='lat' dir='ltr'>participat,</span> <span class='ocrx_word' id='word_1_201' title='bbox 1941 2026 2019 2082; x_wconf 91' lang='lat' dir='ltr'>sed</span> <span class='ocrx_word' id='word_1_202' title='bbox 2046 2032 2105 2082; x_wconf 86' lang='lat' dir='ltr'>de</span> <span class='ocrx_word' id='word_1_203' title='bbox 2134 2049 2211 2082; x_wconf 85' lang='lat' dir='ltr'>ru-</span> 
     </span>
    </p>
   </div>
   <div class='ocr_carea' id='block_1_11' title="bbox 380 2037 2219 2352">
    <p class='ocr_par' dir='ltr' id='par_1_12' title="bbox 380 2037 2219 2352">
     <span class='ocr_line' id='line_1_23' title="bbox 380 2037 2213 2177; baseline -0.003 -25"><span class='ocrx_word' id='word_1_204' title='bbox 380 2037 504 2164; x_wconf 83' lang='lat' dir='ltr'><strong>D</strong></span> <span class='ocrx_word' id='word_1_205' title='bbox 533 2103 622 2152; x_wconf 91' lang='lat' dir='ltr'>bro</span> <span class='ocrx_word' id='word_1_206' title='bbox 642 2101 805 2177; x_wconf 78' lang='lat' dir='ltr'>magis.</span> <span class='ocrx_word' id='word_1_207' title='bbox 865 2099 1119 2149; x_wconf 88' lang='lat' dir='ltr'>Abdomen</span> <span class='ocrx_word' id='word_1_208' title='bbox 1139 2094 1358 2161; x_wconf 86' lang='lat' dir='ltr'>supinum</span> <span class='ocrx_word' id='word_1_209' title='bbox 1377 2096 1601 2145; x_wconf 89' lang='lat' dir='ltr'>citrinum</span> <span class='ocrx_word' id='word_1_210' title='bbox 1621 2091 1747 2143; x_wconf 60' lang='lat' dir='ltr'>linea</span> <span class='ocrx_word' id='word_1_211' title='bbox 1760 2093 1900 2145; x_wconf 60' lang='lat' dir='ltr'>rubra</span> <span class='ocrx_word' id='word_1_212' title='bbox 1920 2098 2123 2146; x_wconf 86' lang='lat' dir='ltr'>mediam</span> <span class='ocrx_word' id='word_1_213' title='bbox 2143 2095 2213 2148; x_wconf 85' lang='lat' dir='ltr'>se-</span> 
     </span>
     <span class='ocr_line' id='line_1_24' title="bbox 381 2162 2212 2228; baseline -0.003 -12"><span class='ocrx_word' id='word_1_214' title='bbox 381 2165 590 2216; x_wconf 69' lang='lat' dir='ltr'>cundum</span> <span class='ocrx_word' id='word_1_215' title='bbox 610 2164 960 2228; x_wconf 75' lang='lat' dir='ltr'>longitudinem</span> <span class='ocrx_word' id='word_1_216' title='bbox 973 2176 1287 2225; x_wconf 88' lang='lat' dir='ltr'>percurrente.</span> <span class='ocrx_word' id='word_1_217' title='bbox 1350 2162 1560 2210; x_wconf 89' lang='lat' dir='ltr'>Pronum</span> <span class='ocrx_word' id='word_1_218' title='bbox 1574 2174 1739 2220; x_wconf 86' lang='lat' dir='ltr'>corpus</span> <span class='ocrx_word' id='word_1_219' title='bbox 1753 2172 1904 2209; x_wconf 89' lang='lat' dir='ltr'>totum</span> <span class='ocrx_word' id='word_1_220' title='bbox 1917 2162 2067 2211; x_wconf 87' lang='lat' dir='ltr'>rubet.</span> <span class='ocrx_word' id='word_1_221' title='bbox 2110 2163 2212 2212; x_wconf 83' lang='lat' dir='ltr'>Alae</span> 
     </span>
     <span class='ocr_line' id='line_1_25' title="bbox 380 2223 2215 2294; baseline -0.003 -14"><span class='ocrx_word' id='word_1_222' title='bbox 380 2229 552 2294; x_wconf 78' lang='lat' dir='ltr'>supinae</span> <span class='ocrx_word' id='word_1_223' title='bbox 571 2231 826 2280; x_wconf 87' lang='lat' dir='ltr'>exteriores</span> <span class='ocrx_word' id='word_1_224' title='bbox 854 2229 912 2276; x_wconf 84' lang='lat' dir='ltr'>ab</span> <span class='ocrx_word' id='word_1_225' title='bbox 946 2239 1113 2276; x_wconf 90' lang='lat' dir='ltr'>exortu</span> <span class='ocrx_word' id='word_1_226' title='bbox 1136 2227 1313 2276; x_wconf 82' lang='lat' dir='ltr'>lineam</span> <span class='ocrx_word' id='word_1_227' title='bbox 1335 2224 1510 2274; x_wconf 87' lang='lat' dir='ltr'>habent</span> <span class='ocrx_word' id='word_1_228' title='bbox 1532 2223 1686 2271; x_wconf 82' lang='lat' dir='ltr'>albam</span> <span class='ocrx_word' id='word_1_229' title='bbox 1718 2225 1775 2271; x_wconf 86' lang='lat' dir='ltr'>ad</span> <span class='ocrx_word' id='word_1_230' title='bbox 1792 2227 2052 2288; x_wconf 85' lang='lat' dir='ltr'>marginem</span> <span class='ocrx_word' id='word_1_231' title='bbox 2075 2227 2215 2275; x_wconf 85' lang='lat' dir='ltr'>deor·</span> 
     </span>
     <span class='ocr_line' id='line_1_26' title="bbox 383 2285 2219 2352; baseline -0.004 -5"><span class='ocrx_word' id='word_1_232' title='bbox 383 2295 485 2347; x_wconf 59' lang='lat' dir='ltr'>sun</span> <span class='ocrx_word' id='word_1_233' title='bbox 507 2297 782 2346; x_wconf 70' lang='lat' dir='ltr'>deductam:</span> <span class='ocrx_word' id='word_1_234' title='bbox 814 2292 1043 2341; x_wconf 89' lang='lat' dir='ltr'>citrinum</span> <span class='ocrx_word' id='word_1_235' title='bbox 1062 2291 1271 2340; x_wconf 89' lang='lat' dir='ltr'>colorem</span> <span class='ocrx_word' id='word_1_236' title='bbox 1293 2291 1438 2339; x_wconf 82' lang='lat' dir='ltr'>rubrae</span> <span class='ocrx_word' id='word_1_237' title='bbox 1468 2289 1602 2336; x_wconf 85' lang='lat' dir='ltr'>lineae</span> <span class='ocrx_word' id='word_1_238' title='bbox 1628 2285 1889 2344; x_wconf 72' lang='lat' dir='ltr'>transversat</span> <span class='ocrx_word' id='word_1_239' title='bbox 1908 2289 2219 2352; x_wconf 83' lang='lat' dir='ltr'>distinguunt.</span> 
     </span>
    </p>
   </div>
   <div class='ocr_carea' id='block_1_12' title="bbox 386 2352 2216 2492">
    <p class='ocr_par' dir='ltr' id='par_1_13' title="bbox 386 2352 2216 2492">
     <span class='ocr_line' id='line_1_27' title="bbox 386 2352 2216 2421; baseline -0.002 -11"><span class='ocrx_word' id='word_1_240' title='bbox 386 2364 487 2414; x_wconf 87' lang='lat' dir='ltr'>Alae</span> <span class='ocrx_word' id='word_1_241' title='bbox 507 2360 752 2409; x_wconf 82' lang='lat' dir='ltr'>interiores</span> <span class='ocrx_word' id='word_1_242' title='bbox 781 2372 950 2419; x_wconf 83' lang='lat' dir='ltr'>parvae,</span> <span class='ocrx_word' id='word_1_243' title='bbox 981 2370 1081 2406; x_wconf 87' lang='lat' dir='ltr'>tum</span> <span class='ocrx_word' id='word_1_244' title='bbox 1102 2357 1374 2417; x_wconf 85' lang='lat' dir='ltr'>exteriores,</span> <span class='ocrx_word' id='word_1_245' title='bbox 1407 2366 1510 2403; x_wconf 87' lang='lat' dir='ltr'>tum</span> <span class='ocrx_word' id='word_1_246' title='bbox 1529 2352 1794 2414; x_wconf 73' lang='lat' dir='ltr'>interioreS,</span> <span class='ocrx_word' id='word_1_247' title='bbox 1829 2355 1958 2403; x_wconf 87' lang='lat' dir='ltr'>circa</span> <span class='ocrx_word' id='word_1_248' title='bbox 1983 2357 2216 2421; x_wconf 83' lang='lat' dir='ltr'>margines</span> 
     </span>
     <span class='ocr_line' id='line_1_28' title="bbox 390 2420 938 2492; baseline -0.013 -16"><span class='ocrx_word' id='word_1_249' title='bbox 390 2421 622 2492; x_wconf 74' lang='lat' dir='ltr'>praecipue</span> <span class='ocrx_word' id='word_1_250' title='bbox 644 2420 735 2471; x_wconf 74' lang='lat' dir='ltr'>late</span> <span class='ocrx_word' id='word_1_251' title='bbox 756 2421 938 2470; x_wconf 86' lang='lat' dir='ltr'>rubent.</span> 
     </span>
    </p>
   </div>
   <div class='ocr_carea' id='block_1_13' title="bbox 603 2544 1980 2615">
    <p class='ocr_par' dir='ltr' id='par_1_14' title="bbox 603 2544 1980 2615">
     <span class='ocr_line' id='line_1_29' title="bbox 603 2544 1980 2615; baseline -0.001 -17"><span class='ocrx_word' id='word_1_252' title='bbox 603 2549 764 2615; x_wconf 83' lang='lat' dir='ltr'>Papilio</span> <span class='ocrx_word' id='word_1_253' title='bbox 785 2553 975 2599; x_wconf 76' lang='lat' dir='ltr'>maxima</span> <span class='ocrx_word' id='word_1_254' title='bbox 996 2555 1120 2615; x_wconf 80' lang='lat' dir='ltr'>nigra</span> <span class='ocrx_word' id='word_1_255' title='bbox 1141 2549 1222 2599; x_wconf 80' lang='lat' dir='ltr'>alis</span> <span class='ocrx_word' id='word_1_256' title='bbox 1245 2546 1428 2614; x_wconf 77' lang='lat' dir='ltr'>utrisque</span> <span class='ocrx_word' id='word_1_257' title='bbox 1447 2545 1573 2596; x_wconf 83' lang='lat' dir='ltr'>limbo</span> <span class='ocrx_word' id='word_1_258' title='bbox 1594 2544 1684 2593; x_wconf 82' lang='lat' dir='ltr'>albo</span> <span class='ocrx_word' id='word_1_259' title='bbox 1709 2544 1795 2599; x_wconf 82' lang='lat' dir='ltr'>lato</span> <span class='ocrx_word' id='word_1_260' title='bbox 1817 2549 1980 2598; x_wconf 58' lang='lat' dir='ltr'>cinbffis.</span> 
     </span>
    </p>
   </div>
   <div class='ocr_carea' id='block_1_14' title="bbox 2096 2808 2221 2870">
    <p class='ocr_par' dir='ltr' id='par_1_15' title="bbox 2096 2808 2221 2870">
     <span class='ocr_line' id='line_1_30' title="bbox 2096 2808 2221 2870; baseline 0.016 -18"><span class='ocrx_word' id='word_1_261' title='bbox 2096 2808 2221 2870; x_wconf 55' lang='lat' dir='ltr'>Papsz</span> 
     </span>
    </p>
   </div>
  </div>
 </body>
</html>
