2322 3206
865 87 892 177 (
944 108 1072 180 277
1123 87 1149 177 )

99 186 341 242 fastidiosae
371 186 534 248 essent,
570 192 617 238 δε
640 188 796 239 cibum
816 187 1038 260 'quemvis
1061 193 1318 253 appofitum
1334 192 1471 242 edere
1492 194 1772 261 recusarent,
1805 201 1930 250 alere

99 257 352 323 perunum,
385 268 472 304 aut·
487 255 545 302 ad
562 257 957 318 metamorphosin
981 259 1250 319 perducere.

184 400 223 444 g.
257 387 396 432 Erum
417 399 555 449 parva
570 383 748 446 hirsuta,
782 377 1024 449 MillepeZis
1038 388 1135 450 five
1149 382 1282 446 Afhlli
1301 383 1445 450 forma
1466 383 1523 437 ἐν
1540 389 1843 448 magnitudine.

96 445 427 502 Transcribed.
1915 491 1920 497 .

61 526 64 530 ·
95 514 407 636 BRevibus
426 515 529 577 pilis
542 510 715 563 hirsuta
738 513 821 575 est,
854 516 1014 564 colore
1034 512 1197 563 furvo:
1233 526 1394 562 ventre
1418 513 1577 576 plano,
1614 512 1749 563 dorso
1772 516 1822 562 in
1846 530 1928 563 an-

229 581 392 640 gulum
418 576 630 627 obtusum
656 577 938 644 affurgenre,
971 580 1266 641 longitudine
1292 575 1451 627 Asello
1479 575 1619 640 paulo
1637 578 1802 642 major,
1835 582 1927 626 cir-

92 640 459 705 cumscriptione
487 646 699 706 corporis
725 643 823 692 fere
845 642 1022 693 eadem.
1087 641 1291 692 Dorsum
1312 644 1519 690 medium
1535 644 1665 691 lineae
1683 647 1778 692 duae
1806 641 1831 689 ὲ
1853 658 1925 690 tu-

91 706 290 754 berculis
312 704 390 754 seu
413 709 664 769 agminulis
689 709 894 767 pilorum
918 708 1131 754 brevibus
1152 709 1412 766 composxtae
1435 705 1685 756 secundum
1714 710 1923 770 longitu-

92 768 252 817 dinem
265 786 572 832 percurrunt:
608 766 797 819 inferius
810 773 1029 832 utrinque
1042 772 1225 818 lineolae
1242 773 1430 821 luteae&
1445 773 1578 833 pullae
1598 772 1922 821 alternaesecus

89 833 331 883 tubercula
357 836 623 884 decurrunt.
689 837 836 898 Supra
859 837 997 897 pedes
1022 836 1239 897 utrinque
1268 837 1442 885 lineola
1463 834 1686 896 sublutea‚
1719 842 1765 886 δε
1787 834 1923 899 supra

90 912 194 945 eam
219 901 390 960 punaeffia
406 901 563 964 nigra.
627 900 790 962 Caput
819 900 1066 949 minimum
1095 900 1298 963 nigrum.
1365 901 1509 948 Pedes
1531 902 1784 951 anteriores
1803 899 1921 950 adeo

90 962 270 1027 exiguae
284 961 407 1024 sunt,
440 978 491 1013 ut
503 965 582 1013 vix
603 964 775 1026 poffint
797 964 1012 1014 discerni.

155 1027 272 1090 Quo
294 1030 403 1079 cibo
423 1041 580 1078 utatur
596 1030 811 1079 invenire
832 1030 1155 1092 nequivimus,
1189 1030 1397 1090 quamvis
1419 1029 1630 1078 omnium
1652 1029 1920 1091 plantarum

85 1105 190 1154 quae
210 1093 339 1142 circa
373 1094 533 1143 locum
556 1094 636 1141 ubi
668 1110 773 1142 eam
813 1095 1077 1144 invenimus
1100 1106 1346 1141 creverunt
1377 1091 1490 1141 folia
1525 1096 1570 1141 ei
1607 1091 1921 1155 apposuimus,

86 1157 269 1207 nullum
289 1172 449 1208 tamen
471 1155 716 1221 degustare
737 1159 898 1208 voluit.
956 1160 1053 1208 An.
1077 1163 1198 1218 --96.
1230 1158 1394 1204 multas
1426 1155 1557 1217 hujus
1584 1160 1770 1221 generis
1789 1160 1919 1206 inve-

86 1221 241 1271 nimus
262 1222 314 1270 in
333 1225 550 1284 Quercu,
580 1219 706 1285 cujus
724 1221 847 1272 foliis
870 1221 1133 1281 vescuntur,
1166 1219 1350 1270 diversae
1373 1217 1560 1282 speciei.

151 1285 294 1334 Brevi
325 1284 562 1349 suspendit
584 1284 632 1335 se
664 1289 723 1336 ad
756 1289 872 1336 latus
903 1287 1158 1352 pyxidulae,
1191 1287 1243 1333 in
1277 1300 1368 1347 qua
1391 1300 1495 1333 eam
1529 1286 1806 1346 inclusimus,
1839 1286 1920 1334 filo

85 1359 212 1397 trans
245 1349 431 1398 dorsum
453 1352 662 1399 medium
692 1353 849 1411 ducito,
881 1356 929 1400 δε
949 1364 1145 1410 utraque
1164 1350 1458 1397 extremitate
1483 1352 1650 1414 pyxidi
1682 1351 1839 1409 affixe,
1872 1355 1919 1398 δε

83 1412 188 1475 post
211 1413 501 1463 menstruum
522 1416 711 1463 circiter
745 1416 912 1478 quietis
933 1417 983 1463 in
1011 1430 1071 1462 eo
1093 1413 1210 1461 statu
1243 1411 1443 1473 spatium
1465 1415 1725 1475 Papilionis
1753 1413 1924 1474 forma,

84 1474 471 1591 disruptzffltheczl,
491 1481 625 1529 exiit.
686 1481 804 1531 Erat
826 1494 982 1531 autem
1000 1478 1188 1541 'Papilio
1210 1480 1291 1527 illa
1307 1492 1467 1539 parva,
1482 1475 1651 1541 supina
1673 1491 1804 1540 parte
1821 1476 1920 1527 fere

27 1572 32 1578 ·
84 1554 184 1590 tota
205 1556 271 1603 pu
310 1559 354 1605 a,
387 1560 604 1608 pro——

83 1682 130 1745 4.
162 1687 304 1731 Eruca
332 1678 480 1729 mediae
507 1667 1043 1749 rhactgm‘tudin2⁸53,'glabra,⁴
1064 1685 1221 1729 cinerea
1255 1691 1329 1726 aut
1356 1676 1632 1741 viridescens,
1673 1677 1793 1727 lineis
1831 1695 1856 1742 5
1899 1679 1918 1727 ὲ

694 1746 800 1795 luteo
823 1747 1100 1794 albicantibus
1115 1747 1289 1808 striata.

196 1868 312 1918 Inea
327 1882 410 1931 per
425 1866 635 1916 medium
652 1864 838 1916 dorsum
856 1868 994 1916 dueta
1010 1869 1150 1915 latior
1164 1865 1248 1924 est,
1279 1881 1365 1928 per
1386 1868 1539 1914 media
1561 1867 1707 1915 latera
1729 1867 1917 1914 tenuio-

225 1947 313 1991 res,
344 1930 485 1994 supra
505 1933 646 1994 pedes
672 1934 894 1994 utrinque
920 1933 1094 1980 iterum
1126 1931 1327 1978 latiores.
1385 1931 1604 1989 Juniores
1634 1932 1792 1978 colore
1812 1928 1918 1978 sunt
1968 1943 1978 1951 ·

83 1994 355 2045 obscuriore
377 2000 424 2045 δε
445 1995 544 2043 fere
564 1995 832 2059 nigricante
850 2017 867 2056 3
898 1996 1151 2043 adultiores
1179 1992 1324 2042 dilute
1355 1996 1549 2041 virente.
1614 1996 1758 2042 Pedes
1776 1996 1918 2057 nigri.

82 2062 143 2111 In
153 2061 392 2109 nonnullis
402 2061 510 2120 (nifi
526 2061 620 2107 hoc
630 2057 818 2107 fortasse
834 2075 981 2122 genus
1000 2058 1270 2108 distinEtum
1287 2056 1361 2117 fit)
1373 2060 1509 2120 pedes
1521 2057 1694 2120 pallide
1707 2059 1916 2107 albicant

84 2141 253 2189 corpus
273 2126 416 2173 etiam
440 2122 466 2172 ὲ
490 2124 633 2173 viridi
661 2125 844 2185 pullum
870 2122 956 2184 est,
986 2125 1121 2172 lineae
1149 2123 1360 2172 laterales
1380 2124 1460 2172 vix
1476 2137 1737 2185 apparent3
1773 2136 1917 2186 caput

81 2188 326 2253 splendide
339 2185 600 2238 cinerascit.
663 2189 791 2238 Mali
813 2187 938 2237 foliis
952 2187 1170 2247 vescitur,
1201 2191 1248 2237 Sc
1270 2187 1411 2236 Maio
1426 2185 1582 2236 mense
1602 2188 1853 2238 invenitur.

147 2256 297 2304 Anno
316 2259 452 2315 1696.
487 2254 653 2301 multas
683 2250 815 2316 hujus
836 2256 1022 2318 generis
1045 2253 1206 2302 inveni
1228 2248 1442 2315 Quercus
1462 2251 1577 2300 folia
1599 2250 1919 2316 depascentesj

85 2319 414 2385 magnitudine
439 2319 710 2367 mediocres.
774 2319 933 2367 Lineae
953 2315 1088 2382 supra
1108 2319 1248 2382 pedes
1282 2315 1504 2365 latissimae
1525 2315 1648 2378 sunt,
1680 2320 1807 2367 velut
1834 2333 1914 2367 tae-

84 2385 174 2433 nia:
210 2384 433 2446 quaedam.
496 2384 646 2432 Anno
679 2379 868 2446 insuper
904 2389 1041 2445 1697.
1076 2384 1240 2431 multas
1271 2378 1402 2443 hujus
1433 2384 1619 2443 generis
1648 2383 1912 2432 invenimus

85 2462 184 2497 tum
205 2449 256 2496 in
281 2449 419 2496 Malo
436 2448 604 2496 arbore
626 2460 726 2496 tum
747 2448 800 2495 in
819 2449 1027 2510 Quercu.
1092 2449 1243 2497 Color
1260 2446 1643 2495 caeruleo-viridis
1659 2461 1779 2510 erat..
1823 2449 1917 2497 Ul-

12 2538 19 2543 =
85 2528 166 2562 mo
183 2512 412 2575 praecipue
431 2513 612 2560 victitat
629 2513 722 2560 hoc
744 2527 889 2573 genus
907 2508 1134 2574 quantum
1154 2510 1311 2574 postea
1328 2509 1594 2560 observavi:
1626 2513 1814 2574 insignis
1833 2529 1915 2561 au-

86 2593 182 2625 tem
202 2591 314 2624 nota
338 2593 437 2637 quae
459 2578 516 2624 ab
540 2577 640 2624 aliis
663 2575 885 2637 distingui
915 2576 1104 2640 possint,
1137 2575 1202 2626 est
1226 2576 1391 2638 eapitis
1412 2579 1457 2625 δε
1480 2577 1724 2627 anterioris
1743 2594 1914 2639 corpe-

65 2644 67 2647 ’
87 2643 148 2690 ris
172 2642 309 2704 partis
327 2639 538 2703 angustia
559 2638 637 2690 seu
659 2641 902 2703 gracilitas.
1492 2652 1508 2668 ⁰
1801 2656 1807 2662 ·

1711 2848 1750 2892 ς.
1786 2836 1920 2879 Erum
