2322 3206
830 58 1031 146 <151
1093 53 1155 144 >2

70 163 347 221 transversus
368 163 587 223 albicanS,
620 174 720 212 tum
731 163 858 213 linea
879 165 1036 230 nigra,
1070 161 1173 228 post
1188 163 1366 213 iterum
1381 165 1602 229 albicans,
1632 170 1897 219 tandem-‘in

71 233 289 284 extremis
312 227 508 293 scapulis
529 230 585 276 ad
618 229 711 282 alas
740 225 935 277 obscure
953 228 1067 278 rufa.
1129 230 1232 280 Alae
1253 231 1488 292 oblongae,
1521 247 1618 280 non
1641 234 1899 283 admodum·

70 302 191 359 latae,
223 295 475 343 exteriores
500 293 768 353 medietate,
799 291 1100 343 anteriores&¹
1121 294 1246 342 luteo
1276 295 1500 355 albicant,
1532 296 1787 358 posteriore
1812 302 1901 348 ob-

68 360 290 411 scuriores
322 355 426 407 sunt
457 361 503 406 ὅτ,
533 354 806 416 fuscescunt,
837 358 1022 407 lineolis
1058 355 1313 407 transversis
1346 360 1492 421 nigris
1523 361 1836 421 creberrimis,
1868 363 1895 412 a

67 440 216 475 nervo
234 423 292 471 ad
314 438 508 471 nervum
525 422 670 470 dubiis
686 423 945 483 variegatae.
1011 423 1113 473 Alae
1133 423 1398 485 interiores,
1430 426 1817 474 exteriorelatere
1835 429 1895 475 ab

67 502 240 539 exortu
260 488 318 535 ad
349 488 554 535 medium
579 485 607 534 ὲ
635 488 776 549 nigro
805 488 1018 548 ci-nereae,
1049 488 1281 549 reliquum
1304 489 1385 536 alae
1416 489 1539 552 parti
1559 490 1774 538 interiori
1799 493 1895 539 ala-

67 570 172 602 rum
198 552 482 602 exteriorum
505 551 743 600 concolor.
807 553 1013 600 Interior
1029 553 1243 601 omnium
1275 551 1414 601 facies
1439 554 1605 602 eodem
1632 569 1740 602 cum
1766 570 1896 604 exte-

66 619 193 666 riore
226 617 387 665 colore
415 616 656 676 imbuitur,
687 617 931 664 interiores
953 629 1112 665 tamen
1134 618 1283 681 magis
1313 612 1607 667 cinerascunt
1636 633 1743 667 cum
1778 616 1895 681 ejus-

64 682 199 731 modi
226 681 411 729 lineolis
446 677 701 730 transterfis
731 681 906 743 nigris:
949 682 1140 730 maculae
1160 682 1301 730 etiam
1332 678 1589 743 majusculae
1607 684 1895 745 nigricantes

64 746 118 795 in
153 746 407 794 earundem
450 745 603 793 media
643 758 776 809 parte
819 759 1088 794 cernuntur.
1152 746 1332 794 Venter
1379 747 1496 794 imus
1532 747 1892 796 albo-cinereus.

63 806 272 860 Dorsum
291 810 426 857 lineis
445 809 549 857 latis
565 809 862 858 annularibus
882 809 996 858 albis
1017 814 1064 858 δε
1082 810 1230 872 nigris
1249 811 1446 869 varium,
1480 825 1580 870 quae
1601 811 1734 858 lineae
1750 827 1892 873 caput

63 870 217 925 versus
252 875 302 922 in
332 875 562 937 angulum
582 871 825 936 affurgunt
847 874 1044 937 pulchro
1067 871 1266 937 aspectu.
1331 875 1568 922 Antennae
1590 873 1892 936 longiusculae

61 934 282 1001 plumosae
326 935 402 998 [in
431 953 558 986 mare
587 934 843 1002 praecipue]
876 938 1174 1000 nigricantes.
1239 936 1498 988 Robustum
1533 937 1599 988 est
1635 940 1893 989 animalcu-

59 1005 177 1063 lum‚
211 1017 410 1064 corpore
430 999 595 1063 craffO,
628 1005 676 1050 8z
697 1016 872 1064 magno
894 1002 1074 1066 impetu
1094 1003 1274 1052 volitat.
1727 1044 1734 1051 ,

119 1067 238 1128 Julii
259 1066 420 1115 mensis
443 1083 470 1127 9
496 1067 572 1114 die
593 1068 708 1114 exiit
727 1067 822 1115 An.
850 1072 987 1128 1692.
1021 1082 1081 1116 ex
1102 1069 1256 1117 Eruca
1273 1067 1476 1114 maxima
1496 1063 1794 1116 subterranea
1813 1081 1891 1115 aut

59 1127 215 1194 potius
233 1131 453 1179 arborum
479 1127 845 1193 putrescentium
866 1132 1072 1201 alumna,
1105 1133 1216 1180 raris
1247 1132 1355 1194 pilis
1373 1133 1534 1190 oblita,
1566 1130 1731 1193 lupina
1756 1146 1888 1194 parte

58 1209 160 1245 tota
176 1208 379 1257 excepto
402 1196 560 1256 capite
580 1195 733 1254 rubra,
766 1210 918 1257 prona
934 1197 1069 1253 flava,
1101 1210 1245 1256 quam
1264 1196 1323 1242 fic
1337 1191 1562 1256 descripfi.

123 1261 309 1323 Supinae
326 1258 467 1319 partis
488 1258 630 1305 rubor
647 1259 703 1305 ad
723 1259 876 1305 media
890 1254 1034 1319 usque
1054 1257 1200 1306 latera
1224 1258 1509 1306 extenditur.
1573 1259 1753 1307 Puneta
1774 1257 1893 1309 late-2

56 1325 173 1374 ralia
202 1319 496 1384 respiratoria
519 1320 621 1368 rufa
639 1318 763 1380 sunt,
795 1334 934 1383 caput
955 1321 1160 1383 nigrum.
1222 1322 1404 1369 Primus
1437 1324 1648 1384 corporis
1673 1324 1888 1383 annulus,

55 1385 135 1438 seu
149 1386 440 1450 scapularum
457 1381 646 1446 squama
660 1382 913 1445 crustaeea,
944 1382 1129 1433 macula
1146 1383 1286 1449 nigra
1300 1381 1399 1433 lata·
1418 1385 1677 1448 infignitur.
1744 1389 1892 1437 Pedes

57 1455 168 1501 osto
190 1449 470 1514 posteriores
491 1464 702 1508 exerere,
735 1452 781 1498 8z
803 1450 855 1497 in
878 1463 1046 1511 corpus
1066 1451 1302 1498 retrahere
1319 1449 1471 1512 potest
1488 1466 1574 1513 pro
1591 1452 1741 1500 libitu.

122 1516 295 1566 Martii
312 1531 386 1562 22.
416 1519 553 1574 1692.
587 1512 641 1561 in
667 1513 879 1576 lupuleto
902 1511 928 1560 ὲ
953 1527 1079 1562 terra
1101 1511 1460 1576 effoffa‚'inque
1476 1517 1652 1579 pyxide
1665 1530 1773 1564 cum
1795 1528 1889 1565 ter-2

54 1581 161 1630 reni
178 1578 470 1641 aliquantulo
487 1575 682 1638 inclusa,
715 1579 846 1626 brevi
862 1573 943 1626 sub
966 1591 1088 1626 terra
1106 1593 1329 1628 excavata
1339 1576 1603 1630 folliculum
1620 1581 1697 1629 fibi
1717 1580 1887 1640 texuit,

54 1646 106 1693 in
129 1660 224 1706 quo
246 1655 419 1691 mutata
444 1640 510 1690 est
536 1643 587 1690 in
612 1639 946 1706 Chrysalidem·
965 1643 1163 1706 longam
1189 1644 1465 1705 rubentem,
1498 1643 1664 1708 supina
1687 1646 1888 1693 annulo-

52 1725 159 1758 rum
180 1722 310 1771 parte
329 1707 379 1753 in
403 1707 563 1755 medio
580 1703 768 1755 sulcata..

17 1785 21 1787 “
109 1773 245 1836 Junii
266 1771 427 1820 menfis
440 1789 468 1832 9
493 1772 569 1819 die
590 1772 642 1819 in
658 1772 928 1820 Phalaenam
946 1773 1079 1832 exiit,
1110 1767 1238 1833 cujus
1250 1769 1614 1837 descriptionem
1632 1772 1853 1822 dedimus.

114 1834 268 1900 Hujus
282 1837 468 1898 generis
487 1837 650 1886 Erucae
671 1834 804 1885 Coffi
827 1838 1059 1886 veteribus
1080 1841 1277 1886 Romanis
1294 1838 1438 1886 dietae.

55 1982 98 2030 3.
133 1964 333 2012 Phalaena
360 1968 512 2027 major,
541 1963 621 2010 alzsss
644 1962 793 2027 amplis
823 1963 1017 2025 oblongis,
1050 1962 1253 2022 albicante
1284 1957 1342 2011 ὠ
1371 1961 1483 2024 fufio
1505 1964 1698 2011 coloribus
1720 1963 1885 2026 pulchre

39 2040 42 2043 ⁴
104 2034 370 2090 variegatae,
417 2028 675 2077 interioribus
705 2026 847 2074 rutilis
884 2044 985 2075 cum·
1011 2027 1187 2074 maculis
1223 2029 1370 2087 nigris.
1436 2026 1558 2075 Phal.
1576 2045 1621 2090 7.
1642 2025 1883 2079 NI(3uffet·L²

114 2095 342 2145 Goedart.
365 2110 442 2154 99.

123 2277 125 2279 ¹
157 2220 292 2282 Aput
313 2216 1198 2283 &scapulaelonga&densalanugine‚
1230 2214 1608 2282 partimobscure
1624 2218 1768 2281 fulva,
1801 2234 1879 2270 aut

188 2284 214 2332 ὲ
234 2284 362 2333 fulvo
379 2285 646 2347 nigricante
659 2279 994 2348 partimrubra,
1025 2281 1296 2330 vestiuntur.
1360 2283 1557 2341 Thorax
1574 2286 1750 2346 pariter
1767 2287 1881 2335 den·

44 2347 161 2399 ἥδε
186 2345 331 2410 longai
350 2348 623 2412 plumagine
651 2347 883 2395 amicitur.
948 2346 1146 2394 Colores
1168 2347 1465 2395 alarum-‹non
1487 2344 1672 2397 eosdem
1703 2351 1754 2398 in
1777 2358 1880 2398 om*

45 2415 179 2463 nibus
205 2414 459 2461 individuis
496 2414 659 2462 duetus
677 2407 839 2459 exaae
868 2407 1144 2459 observant:
1177 2413 1224 2458 δε
1257 2406 1386 2459 sexus
1423 2409 1612 2461 fortasse
1645 2415 1880 2463 coloribus

44 2477 266 2527 nonnihil
284 2478 482 2526 variant.
546 2477 848 2525 Exteriorum
869 2488 1026 2522 tamen
1047 2474 1222 2524 alarum
1244 2475 1340 2524 ima
1368 2490 1471 2538 pars
1505 2477 1563 2524 in⁴
1588 2478 1644 2526 iis
1666 2493 1776 2539 quas
1795 2479 1876 2525 obs

43 2538 219 2591 servavi
254 2542 586 2603 variegationis
620 2537 826 2603 respee‘cu
849 2538 1103 2587 conformis
1137 2552 1251 2588 erat.
1315 2539 1394 2589 Ad
1416 2542 1618 2590 exterius
1645 2544 1776 2591 enim
1798 2544 1878 2589 ala>
1908 2597 1912 2600 ¹

45 2607 162 2654 latus
193 2605 377 2653 macula
409 2603 434 2651 ὲ
464 2603 591 2652 fulvo
625 2606 862 2666 nigricans
890 2603 1084 2651 incurva
1113 2604 1273 2652 colore
1306 2604 1542 2654 albicante
1572 2607 1879 2663 ambiebatur,

47 2669 298 2718 consimilis
333 2684 522 2731 quoque
556 2671 736 2716 macula
766 2668 824 2715 ad
862 2668 976 2715 latus
998 2669 1209 2729 interius,
1238 2664 1316 2716 sed
1346 2666 1513 2731 major,
1546 2686 1637 2719 nec
1664 2672 1880 2727 incurva,

45 2735 205 2786 colore
236 2733 409 2796 pariter
439 2733 670 2785 albicante
693 2733 860 2783 cineta.
922 2733 1076 2783 Imam
1092 2734 1218 2784 alam
1238 2733 1397 2785 areola
1431 2733 1456 2782 ἐ
1481 2732 1608 2787 fulvo
1635 2736 1879 2805 nigricans

1474 2810 1477 2811 ⁷
1717 2809 1878 2849 ternus
