2322 3206
919 34 1120 127 (365
1172 37 1198 125 )

111 157 361 206 utrumque
374 143 514 205 nigro
529 140 955 206 circumcingitur3
987 146 1113 208 quod
1148 145 1292 208 capiti
1324 148 1520 200 vicinius
1556 168 1655 205 non
1686 158 1742 207 ad
1778 161 1930 225 ipsum.

109 222 367 258 extremum
410 207 611 254 anterius
647 206 831 253 lineolae
865 209 1028 271 nigrae,
1077 206 1155 257 sed
1199 210 1442 272 aliquanto
1471 213 1632 266 elatitxs
1658 223 1926 277 collocatus,

106 266 304 320 Inferifls
325 270 375 317 in
395 285 594 330 utroque
615 269 760 318 latere
774 267 910 332 supra
933 275 1071 334 pedes
1094 274 1219 322 linea
1250 276 1390 324 rubra
1412 293 1519 327 eum
1542 284 1766 346 contigua
1783 287 1861 338 sub
1879 289 1926 340 se

106 335 227 394 alba,
260 337 306 381 δε
326 334 377 381 in
399 346 684 395 unoquoque
706 335 882 382 annulo
896 333 1030 399 supra
1053 338 1224 385 lineam
1243 338 1334 387 duo
1355 343 1426 390 vel
1452 342 1537 391 tria
1559 349 1733 406 punsta
1767 354 1923 402 alben-

104 397 183 454 tia.
249 398 411 459 Caput
432 399 631 458 flavicat,
666 396 898 460 habetque
914 404 1086 465 puncta
1104 403 1197 450 duo
1216 405 1384 466 exigua
1408 407 1560 469 nigra.

260 532 398 574 Eruca
416 524 569 588 denfiics
588 523 738 591 pilofh‚
767 543 919 600 corpore
934 533 1067 591 nigro,
1098 531 1194 590 pilis
1208 528 1373 592 fhrclicl&
1393 535 1490 596 rufis
1503 532 1576 596 ι(ἱίι
1593 535 1752 599 fulvis.

96 651 202 775 E
222 644 542 704 Medicctium
564 668 736 715 genere
752 652 818 702 est
839 655 943 718 pilis
959 653 1234 720 satislongis
1262 662 1308 708 &
1342 662 1513 709 crebris
1535 660 1619 725 per
1641 678 1790 714 totum
1812 674 1929 715 cor-⁴

236 732 319 780 pus
334 717 492 777 obfita,
524 719 651 766 nulla
675 718 885 767 colorum
911 721 1178 770 diverfitate.
1244 724 1429 786 Corpus
1460 723 1608 787 ipsum
1643 730 1719 776 cui
1760 723 1916 779 innas-

95 793 265 829 cuntur
289 782 375 845 pili
397 782 583 843 nigrum
605 779 684 829 est.

161 845 238 893 Bis
260 848 317 893 ad
345 861 420 894 me
443 846 594 893 delata
609 843 692 904 est,
727 841 879 907 prim&
901 846 1141 896 Februarii
1165 850 1322 910 initio,
1368 852 1417 900 in
1450 867 1574 914 agro
1601 853 1911 916 warwicensi,

91 907 242 957 Anno
267 914 404 971 1670.
438 904 654 959 Secund&
676 910 848 958 Martii
871 912 1029 960 mensu
1062 913 1219 961 medio
1241 915 1336 963 An.
1359 921 1492 977 1691.
1527 919 1581 964 in
1607 915 1791 966 Effexia
1830 921 1910 968 ubi

91 985 219 1022 nunc
231 974 353 1037 dego
372 995 391 1035 ,-
433 973 556 1021 unde
574 987 676 1021 eam
688 972 740 1021 in
757 984 880 1021 terra
899 988 984 1037 per
997 987 1144 1024 totam
1158 977 1375 1040 hyemem
1392 981 1574 1028 latitare
1593 978 1814 1042 conjicio,

89 1100 229 1148 Eruca
263 1101 537 1165 Nasturtium
566 1098 758 1148 Indicum
797 1098 1021 1162 clepaftens,
1057 1103 1270 1150 mediocris
1308 1122 1357 1150 ex
1386 1104 1546 1153 caeruleo
1583 1109 1760 1171 viridis,
1792 1113 1908 1162 ταὲῗιι

665 1164 792 1213 molles
814 1162 872 1215 ὦ·
893 1165 1031 1213 veluti
1051 1166 1320 1230 holosericam

491 1297 631 1342 Eruca
642 1289 908 1353 fitbterranea
918 1307 1080 1358 parva,
1112 1300 1218 1342 ram·
1236 1294 1332 1358 pilla-
1349 1296 1482 1360 obsita.

84 1419 355 1542 COrpus
373 1419 517 1469 culmi
540 1418 742 1467 Triticei
764 1417 1110 1469 crassitudinem
1131 1435 1230 1468 non
1250 1423 1452 1482 excedit,
1486 1425 1671 1489 digitali
1686 1428 1788 1489 plus
1802 1429 1907 1479 lon-

221 1485 454 1546 gitudine,
484 1479 604 1531 ade&
645 1483 857 1531 brevibus
892 1487 938 1532 δε
979 1486 1093 1533 raris
1127 1484 1233 1545 pilis
1265 1486 1477 1545 oblitum,
1512 1503 1564 1536 ut
1597 1489 1782 1552 prorsus
1803 1495 1905 1555 gla-

80 1549 213 1596 brum
227 1549 451 1597 videatur.
515 1547 691 1596 Caudae
713 1549 993 1610 appendices
1010 1552 1061 1595 in
1082 1549 1171 1595 hac
1190 1544 1346 1609 specie
1367 1549 1558 1613 perfecti
1592 1556 1731 1615 pedes
1756 1570 1904 1607 erant.

81 1613 240 1675 Caput
262 1629 349 1675 pro
368 1613 577 1672 corporis
591 1611 733 1658 modo
752 1613 978 1674 amplum,
1011 1612 1345 1674 leucophaeum.
1413 1616 1609 1664 Thorax
1630 1614 1708 1666 seu
1727 1623 1903 1669 anteri-

79 1692 134 1724 or
148 1693 251 1739 pars
264 1676 473 1738 corporis
485 1676 563 1723 cui
579 1671 660 1722 sex
674 1675 812 1736 pedes
847 1677 1074 1736 primores
1096 1673 1461 1727 adnaseebantur
1498 1678 1636 1744 nigra
1667 1684 1899 1744 reliquum

77 1742 250 1790 coloris
271 1740 448 1789 cinerei
481 1737 796 1801 splendentis:
829 1740 1011 1788 Totum
1034 1753 1189 1787 autern
1217 1755 1382 1801 corpus
1403 1743 1455 1790 in
1475 1757 1611 1804 rugas
1632 1745 1900 1797 transversas

76 1806 318 1854 annularcs
331 1803 552 1854 dividitur
565 1803 691 1851 velut
705 1802 973 1864 lumbricus,
1006 1805 1114 1851 duas
1127 1799 1273 1851 tresve
1294 1805 1345 1852 in
1367 1820 1655 1869 unoquoque
1674 1811 1863 1862 annulo.

625 1941 764 1983 Eruca
781 1933 1042 1997 sithterranea
1057 1937 1207 2000 glabra
1230 1938 1339 2003 rufa.

184 2156 187 2158 -
208 2123 258 2173 re
275 2122 421 2180 rufus,
453 2120 625 2168 ventris
641 2120 874 2182 pallidior.
941 2122 999 2169 In
1019 2122 1175 2170 medio
1198 2121 1334 2171 dorso
1356 2124 1529 2173 lineam
1550 2125 1689 2175 habet
1717 2125 1888 2176 tenuis-

71 2189 227 2236 limam
258 2185 286 2235 ὲ
313 2187 467 2248 capite
493 2185 551 2232 ad
583 2183 760 2246 pedum
783 2183 1090 2246 posteriorum
1111 2187 1680 2249 regionemprodu<stam=
1714 2192 1882 2240 deinde

69 2252 128 2300 ad
140 2251 306 2312 latera,
337 2246 498 2299 vestim
517 2263 613 2296 non
631 2249 797 2310 procul
817 2245 1014 2296 &medio
1036 2246 1191 2309 dorso',
1222 2250 1462 2301 hincinde
1482 2252 1665 2302 lineolae
1703 2255 1883 2316 pallidae

71 2318 118 2364 δε
155 2316 439 2380 nigricantes
471 2311 652 2375 junstae,
687 2315 734 2360 δε
770 2312 822 2359 in
839 2313 999 2361 eadem
1020 2310 1116 2361 fere
1131 2315 1255 2361 rec'ta
1291 2311 1510 2378 dispofitae
1529 2316 1879 2366 Animalculum

69 2377 373 2443 distinguunt.
441 2378 601 2439 Caput
616 2376 804 2439 nigrum
822 2374 1126 2439 &splendens
1140 2392 1196 2428 ac
1218 2378 1248 2426 fi
1269 2378 1470 2439 politum
1492 2376 1622 2443 effet,
1654 2381 1883 2442 habetque

69 2444 176 2493 duas
200 2457 426 2496 antennas
437 2442 610 2493 breves·

75 2056 315 2182 ERuczi
329 2053 526 2119 cornutai
544 2056 692 2104 altero
708 2067 841 2104 tanto
864 2058 1022 2106 minor
1040 2055 1118 2105 est.
1186 2057 1338 2107 Color
1354 2061 1490 2109 totius
1503 2064 1708 2123 corporis
1725 2061 1888 2119 obscu-

1745 2639 1878 2697 1694.
