<?xml version="1.0" encoding="UTF-8"?>
<!DOCTYPE html PUBLIC "-//W3C//DTD XHTML 1.0 Transitional//EN"
    "http://www.w3.org/TR/xhtml1/DTD/xhtml1-transitional.dtd">
<html xmlns="http://www.w3.org/1999/xhtml" xml:lang="en" lang="en">
 <head>
  <title>
</title>
<meta http-equiv="Content-Type" content="text/html;charset=utf-8" />
  <meta name='ocr-system' content='tesseract 3.04.00' />
  <meta name='ocr-capabilities' content='ocr_page ocr_carea ocr_par ocr_line ocrx_word'/>
</head>
<body>
  <div class='ocr_page' id='page_1' title='image "./historiainsector00rayj_0119.png"; bbox 0 0 2322 3206; ppageno 0'>
   <div class='ocr_carea' id='block_1_1' title="bbox 882 30 1143 123">
    <p class='ocr_par' dir='ltr' id='par_1_1' title="bbox 882 30 1143 123">
     <span class='ocr_line' id='line_1_1' title="bbox 882 30 1143 123; baseline -0.008 0"><span class='ocrx_word' id='word_1_1' title='bbox 882 30 1143 123; x_wconf 86' lang='lat'>(91)</span> 
     </span>
    </p>
   </div>
   <div class='ocr_carea' id='block_1_2' title="bbox 198 210 1920 401">
    <p class='ocr_par' dir='ltr' id='par_1_2' title="bbox 198 210 1920 401">
     <span class='ocr_line' id='line_1_2' title="bbox 807 210 1234 268; baseline 0.007 -3"><span class='ocrx_word' id='word_1_2' title='bbox 807 210 844 265; x_wconf 88' lang='lat' dir='ltr'>S</span> <span class='ocrx_word' id='word_1_3' title='bbox 885 230 915 267; x_wconf 80' lang='lat' dir='ltr'><strong>E</strong></span> <span class='ocrx_word' id='word_1_4' title='bbox 954 227 991 266; x_wconf 90' lang='lat' dir='ltr'><strong>c</strong></span> <span class='ocrx_word' id='word_1_5' title='bbox 1031 226 1085 266; x_wconf 84' lang='grc' dir='ltr'><strong>τ.</strong></span> <span class='ocrx_word' id='word_1_6' title='bbox 1162 212 1234 268; x_wconf 88' lang='lat'><strong>11.</strong></span> 
     </span>
     <span class='ocr_line' id='line_1_3' title="bbox 198 310 1920 401; baseline 0.005 -34"><span class='ocrx_word' id='word_1_7' title='bbox 198 310 434 370; x_wconf 73' lang='lat' dir='ltr'><strong>-Scarabaei</strong></span> <span class='ocrx_word' id='word_1_8' title='bbox 457 313 682 368; x_wconf 72' lang='lat' dir='ltr'><em>antennis</em></span> <span class='ocrx_word' id='word_1_9' title='bbox 696 310 967 387; x_wconf 79' lang='lat' dir='ltr'><strong>globulosts,</strong></span> <span class='ocrx_word' id='word_1_10' title='bbox 1004 315 1161 368; x_wconf 78' lang='lat' dir='ltr'><strong>media</strong></span> <span class='ocrx_word' id='word_1_11' title='bbox 1180 326 1319 390; x_wconf 84' lang='lat' dir='ltr'><strong>parte</strong></span> <span class='ocrx_word' id='word_1_12' title='bbox 1348 317 1403 371; x_wconf 79' lang='lat' dir='ltr'><strong>in</strong></span> <span class='ocrx_word' id='word_1_13' title='bbox 1428 317 1664 372; x_wconf 76' lang='lat' dir='ltr'><strong>annulum</strong></span> <span class='ocrx_word' id='word_1_14' title='bbox 1678 317 1843 392; x_wconf 54' lang='lat' dir='ltr'><strong>flexa.</strong></span> <span class='ocrx_word' id='word_1_15' title='bbox 1865 329 1868 332; x_wconf 81' lang='grc'><strong>“</strong></span> <span class='ocrx_word' id='word_1_16' title='bbox 1894 310 1920 401; x_wconf 16' lang='lat'><strong>.-</strong></span> 
     </span>
    </p>
   </div>
   <div class='ocr_carea' id='block_1_3' title="bbox 97 457 1978 2634">
    <p class='ocr_par' dir='ltr' id='par_1_3' title="bbox 108 457 1978 659">
     <span class='ocr_line' id='line_1_4' title="bbox 108 457 1938 575; baseline 0.003 -64"><span class='ocrx_word' id='word_1_17' title='bbox 108 477 157 511; x_wconf 54' lang='grc' dir='ltr'><strong>κε..</strong></span> <span class='ocrx_word' id='word_1_18' title='bbox 175 460 376 575; x_wconf 84' lang='lat' dir='ltr'><strong>TRes</strong></span> <span class='ocrx_word' id='word_1_19' title='bbox 392 457 491 509; x_wconf 72' lang='lat' dir='ltr'><strong>fere</strong></span> <span class='ocrx_word' id='word_1_20' title='bbox 511 463 694 511; x_wconf 67' lang='lat' dir='ltr'><strong>ostavas</strong></span> <span class='ocrx_word' id='word_1_21' title='bbox 714 463 862 521; x_wconf 64' lang='lat' dir='ltr'><strong>ungiae</strong></span> <span class='ocrx_word' id='word_1_22' title='bbox 883 463 1049 529; x_wconf 85' lang='lat' dir='ltr'><strong>longus</strong></span> <span class='ocrx_word' id='word_1_23' title='bbox 1071 460 1155 525; x_wconf 83' lang='lat' dir='ltr'><strong>est,</strong></span> <span class='ocrx_word' id='word_1_24' title='bbox 1191 464 1353 513; x_wconf 88' lang='lat' dir='ltr'><strong>colore</strong></span> <span class='ocrx_word' id='word_1_25' title='bbox 1371 482 1429 515; x_wconf 88' lang='lat' dir='ltr'><strong>ex</strong></span> <span class='ocrx_word' id='word_1_26' title='bbox 1445 467 1632 523; x_wconf 87' lang='lat' dir='ltr'><strong>cinereo</strong></span> <span class='ocrx_word' id='word_1_27' title='bbox 1651 468 1938 530; x_wconf 75' lang='lat' dir='ltr'>nigricante,</span> 
     </span>
     <span class='ocr_line' id='line_1_5' title="bbox 138 525 1936 594; baseline 0.007 -23"><span class='ocrx_word' id='word_1_28' title='bbox 138 588 140 590; x_wconf 12' lang='lat' dir='ltr'>v</span> <span class='ocrx_word' id='word_1_29' title='bbox 315 525 477 587; x_wconf 81' lang='lat' dir='ltr'><strong>elytris</strong></span> <span class='ocrx_word' id='word_1_30' title='bbox 513 525 678 575; x_wconf 85' lang='lat' dir='ltr'><strong>leviter</strong></span> <span class='ocrx_word' id='word_1_31' title='bbox 711 529 1060 594; x_wconf 86' lang='lat' dir='ltr'><strong>canaliculatis,·</strong></span> <span class='ocrx_word' id='word_1_32' title='bbox 1106 526 1257 578; x_wconf 87' lang='lat' dir='ltr'><strong>rostro</strong></span> <span class='ocrx_word' id='word_1_33' title='bbox 1292 532 1547 592; x_wconf 74' lang='lat' dir='ltr'><strong>porrecsto3</strong></span> <span class='ocrx_word' id='word_1_34' title='bbox 1592 533 1807 581; x_wconf 79' lang='lat' dir='ltr'>antennis</span> <span class='ocrx_word' id='word_1_35' title='bbox 1831 533 1936 582; x_wconf 85' lang='lat' dir='ltr'><strong>lon·</strong></span> 
     </span>
     <span class='ocr_line' id='line_1_6' title="bbox 108 585 1978 659; baseline 0.005 -23"><span class='ocrx_word' id='word_1_36' title='bbox 108 585 346 652; x_wconf 67' lang='lat' dir='ltr'><strong>giusculss,</strong></span> <span class='ocrx_word' id='word_1_37' title='bbox 376 591 535 640; x_wconf 88' lang='lat' dir='ltr'><strong>medio</strong></span> <span class='ocrx_word' id='word_1_38' title='bbox 557 591 815 642; x_wconf 84' lang='lat' dir='ltr'><strong>flexilibus:</strong></span> <span class='ocrx_word' id='word_1_39' title='bbox 849 595 995 643; x_wconf 86' lang='lat' dir='ltr'><strong>oculis</strong></span> <span class='ocrx_word' id='word_1_40' title='bbox 1017 594 1404 659; x_wconf 78' lang='lat' dir='ltr'><strong>prominentibus.</strong></span> <span class='ocrx_word' id='word_1_41' title='bbox 1974 608 1978 611; x_wconf 86' lang='grc'><em>·</em></span> 
     </span>
    </p>

    <p class='ocr_par' dir='ltr' id='par_1_4' title="bbox 103 655 1938 976">
     <span class='ocr_line' id='line_1_7' title="bbox 170 655 1935 721; baseline 0.005 -20"><span class='ocrx_word' id='word_1_42' title='bbox 170 670 215 701; x_wconf 89' lang='lat'><strong>2.</strong></span> <span class='ocrx_word' id='word_1_43' title='bbox 249 655 475 702; x_wconf 73' lang='lat' dir='ltr'><strong>Cantharis</strong></span> <span class='ocrx_word' id='word_1_44' title='bbox 498 660 713 704; x_wconf 81' lang='lat' dir='ltr'><strong>urticaria.</strong></span> <span class='ocrx_word' id='word_1_45' title='bbox 776 660 1013 721; x_wconf 65' lang='lat' dir='ltr'><strong>&gt;Quartam</strong></span> <span class='ocrx_word' id='word_1_46' title='bbox 1030 661 1178 710; x_wconf 79' lang='lat' dir='ltr'><strong>unciae</strong></span> <span class='ocrx_word' id='word_1_47' title='bbox 1206 668 1386 717; x_wconf 85' lang='lat' dir='ltr'><strong>partem</strong></span> <span class='ocrx_word' id='word_1_48' title='bbox 1403 659 1703 721; x_wconf 80' lang='lat' dir='ltr'><strong>longitudine</strong></span> <span class='ocrx_word' id='word_1_49' title='bbox 1732 675 1834 709; x_wconf 86' lang='lat' dir='ltr'><strong>non</strong></span> <span class='ocrx_word' id='word_1_50' title='bbox 1855 676 1935 709; x_wconf 54' lang='grc' dir='ltr'><strong>εκ·</strong></span> 
     </span>
     <span class='ocr_line' id='line_1_8' title="bbox 109 718 1938 787; baseline 0.003 -20"><span class='ocrx_word' id='word_1_51' title='bbox 109 718 250 767; x_wconf 83' lang='lat' dir='ltr'><strong>cedit.</strong></span> <span class='ocrx_word' id='word_1_52' title='bbox 315 720 537 783; x_wconf 81' lang='lat' dir='ltr'>Corpore</span> <span class='ocrx_word' id='word_1_53' title='bbox 560 718 625 769; x_wconf 87' lang='lat' dir='ltr'><strong>est</strong></span> <span class='ocrx_word' id='word_1_54' title='bbox 641 723 848 770; x_wconf 87' lang='lat' dir='ltr'><strong>rotundo</strong></span> <span class='ocrx_word' id='word_1_55' title='bbox 869 718 948 771; x_wconf 71' lang='lat' dir='ltr'><strong>feu</strong></span> <span class='ocrx_word' id='word_1_56' title='bbox 970 723 1107 772; x_wconf 88' lang='lat' dir='ltr'><strong>tereti</strong></span> <span class='ocrx_word' id='word_1_57' title='bbox 1138 726 1183 770; x_wconf 70' lang='grc' dir='ltr'><strong>δε</strong></span> <span class='ocrx_word' id='word_1_58' title='bbox 1201 722 1436 782; x_wconf 79' lang='lat' dir='ltr'><strong>longiore,</strong></span> <span class='ocrx_word' id='word_1_59' title='bbox 1467 739 1567 772; x_wconf 88' lang='lat' dir='ltr'><strong>non</strong></span> <span class='ocrx_word' id='word_1_60' title='bbox 1585 721 1825 787; x_wconf 82' lang='lat' dir='ltr'><strong>depress03</strong></span> <span class='ocrx_word' id='word_1_61' title='bbox 1860 741 1938 773; x_wconf 83' lang='lat' dir='ltr'><strong>ca--</strong></span> 
     </span>
     <span class='ocr_line' id='line_1_9' title="bbox 106 781 1938 847; baseline 0.004 -17"><span class='ocrx_word' id='word_1_62' title='bbox 106 783 207 844; x_wconf 88' lang='lat' dir='ltr'><strong>pite</strong></span> <span class='ocrx_word' id='word_1_63' title='bbox 227 781 424 845; x_wconf 88' lang='lat' dir='ltr'><strong>angusto</strong></span> <span class='ocrx_word' id='word_1_64' title='bbox 442 788 692 847; x_wconf 71' lang='lat' dir='ltr'><strong>porre6t03</strong></span> <span class='ocrx_word' id='word_1_65' title='bbox 726 786 895 844; x_wconf 41' lang='lat' dir='ltr'><strong>colore,</strong></span> <span class='ocrx_word' id='word_1_66' title='bbox 907 784 1121 836; x_wconf 91' lang='lat' dir='ltr'><strong>obsoleto</strong></span> <span class='ocrx_word' id='word_1_67' title='bbox 1149 783 1226 833; x_wconf 85' lang='lat' dir='ltr'><strong>seu</strong></span> <span class='ocrx_word' id='word_1_68' title='bbox 1253 799 1313 833; x_wconf 84' lang='lat' dir='ltr'><strong>ex</strong></span> <span class='ocrx_word' id='word_1_69' title='bbox 1336 787 1527 835; x_wconf 90' lang='lat' dir='ltr'><strong>cinereo</strong></span> <span class='ocrx_word' id='word_1_70' title='bbox 1545 789 1697 839; x_wconf 84' lang='lat' dir='ltr'><strong>viridi.</strong></span> <span class='ocrx_word' id='word_1_71' title='bbox 1763 789 1938 837; x_wconf 84' lang='lat' dir='ltr'><strong>Trian-</strong></span> 
     </span>
     <span class='ocr_line' id='line_1_10' title="bbox 106 846 1936 917; baseline 0.004 -24"><span class='ocrx_word' id='word_1_72' title='bbox 106 846 270 917; x_wconf 78' lang='lat' dir='ltr'><strong>gulum</strong></span> <span class='ocrx_word' id='word_1_73' title='bbox 290 849 470 899; x_wconf 87' lang='lat' dir='ltr'><strong>nullum</strong></span> <span class='ocrx_word' id='word_1_74' title='bbox 507 849 631 898; x_wconf 89' lang='lat' dir='ltr'><strong>inter</strong></span> <span class='ocrx_word' id='word_1_75' title='bbox 657 851 824 914; x_wconf 86' lang='lat' dir='ltr'><strong>elytra.</strong></span> <span class='ocrx_word' id='word_1_76' title='bbox 892 850 1055 901; x_wconf 87' lang='lat' dir='ltr'><strong>Variat</strong></span> <span class='ocrx_word' id='word_1_77' title='bbox 1092 851 1251 898; x_wconf 85' lang='lat' dir='ltr'><strong>colore</strong></span> <span class='ocrx_word' id='word_1_78' title='bbox 1273 849 1608 900; x_wconf 85' lang='lat' dir='ltr'><strong>rufo-cinereo.</strong></span> <span class='ocrx_word' id='word_1_79' title='bbox 1675 853 1830 902; x_wconf 86' lang='lat' dir='ltr'><strong>Datur</strong></span> <span class='ocrx_word' id='word_1_80' title='bbox 1852 853 1936 900; x_wconf 79' lang='lat' dir='ltr'><strong>hu-</strong></span> 
     </span>
     <span class='ocr_line' id='line_1_11' title="bbox 103 910 1438 976; baseline 0.009 -19"><span class='ocrx_word' id='word_1_81' title='bbox 103 926 176 972; x_wconf 53' lang='lat' dir='ltr'><strong>&amp;us</strong></span> <span class='ocrx_word' id='word_1_82' title='bbox 197 912 383 973; x_wconf 81' lang='lat' dir='ltr'><strong>generis</strong></span> <span class='ocrx_word' id='word_1_83' title='bbox 405 910 554 963; x_wconf 73' lang='lat' dir='ltr'><strong>multo</strong></span> <span class='ocrx_word' id='word_1_84' title='bbox 572 911 742 963; x_wconf 57' lang='lat' dir='ltr'><strong>minor.</strong></span> <span class='ocrx_word' id='word_1_85' title='bbox 1434 971 1438 976; x_wconf 70' lang='grc'><strong>,</strong></span> 
     </span>
    </p>

    <p class='ocr_par' dir='ltr' id='par_1_5' title="bbox 107 975 1938 1168">
     <span class='ocr_line' id='line_1_12' title="bbox 179 975 1938 1044; baseline 0.002 -22"><span class='ocrx_word' id='word_1_86' title='bbox 179 990 219 1037; x_wconf 86' lang='lat'><strong>3.</strong></span> <span class='ocrx_word' id='word_1_87' title='bbox 253 975 407 1038; x_wconf 82' lang='lat' dir='ltr'><strong>Niger</strong></span> <span class='ocrx_word' id='word_1_88' title='bbox 431 976 515 1038; x_wconf 88' lang='lat' dir='ltr'><strong>est,</strong></span> <span class='ocrx_word' id='word_1_89' title='bbox 555 977 744 1026; x_wconf 83' lang='lat' dir='ltr'><strong>tertiam</strong></span> <span class='ocrx_word' id='word_1_90' title='bbox 777 980 921 1028; x_wconf 82' lang='lat' dir='ltr'><strong>unciae</strong></span> <span class='ocrx_word' id='word_1_91' title='bbox 938 993 1118 1044; x_wconf 85' lang='lat' dir='ltr'><strong>partem</strong></span> <span class='ocrx_word' id='word_1_92' title='bbox 1149 979 1354 1041; x_wconf 58' lang='lat' dir='ltr'><strong>longus,</strong></span> <span class='ocrx_word' id='word_1_93' title='bbox 1386 994 1583 1041; x_wconf 86' lang='lat' dir='ltr'><strong>corpore</strong></span> <span class='ocrx_word' id='word_1_94' title='bbox 1606 979 1830 1038; x_wconf 78' lang='lat' dir='ltr'><strong>rotunde,</strong></span> <span class='ocrx_word' id='word_1_95' title='bbox 1863 994 1938 1027; x_wconf 76' lang='lat' dir='ltr'><strong>ca-</strong></span> 
     </span>
     <span class='ocr_line' id='line_1_13' title="bbox 107 1040 1937 1106; baseline 0.002 -18"><span class='ocrx_word' id='word_1_96' title='bbox 107 1040 207 1103; x_wconf 88' lang='lat' dir='ltr'><strong>pite</strong></span> <span class='ocrx_word' id='word_1_97' title='bbox 240 1042 469 1102; x_wconf 68' lang='lat' dir='ltr'><strong>porretsto.</strong></span> <span class='ocrx_word' id='word_1_98' title='bbox 535 1044 779 1090; x_wconf 86' lang='lat' dir='ltr'><strong>Extremus</strong></span> <span class='ocrx_word' id='word_1_99' title='bbox 813 1058 1124 1094; x_wconf 84' lang='lat' dir='ltr'><strong>antennarum</strong></span> <span class='ocrx_word' id='word_1_100' title='bbox 1157 1044 1378 1093; x_wconf 79' lang='lat' dir='ltr'><strong>articulus</strong></span> <span class='ocrx_word' id='word_1_101' title='bbox 1405 1044 1572 1106; x_wconf 86' lang='lat' dir='ltr'><strong>longus</strong></span> <span class='ocrx_word' id='word_1_102' title='bbox 1596 1042 1675 1092; x_wconf 88' lang='lat' dir='ltr'><strong>est.</strong></span> <span class='ocrx_word' id='word_1_103' title='bbox 1739 1044 1937 1093; x_wconf 76' lang='lat' dir='ltr'><strong>Dubitat</strong></span> 
     </span>
     <span class='ocr_line' id='line_1_14' title="bbox 107 1103 1527 1168; baseline 0.004 -18"><span class='ocrx_word' id='word_1_104' title='bbox 107 1105 176 1156; x_wconf 89' lang='lat' dir='ltr'><strong>D.</strong></span> <span class='ocrx_word' id='word_1_105' title='bbox 195 1104 428 1168; x_wconf 74' lang='lat' dir='ltr'><strong>Willughby</strong></span> <span class='ocrx_word' id='word_1_106' title='bbox 448 1122 610 1154; x_wconf 84' lang='lat' dir='ltr'><strong>annon</strong></span> <span class='ocrx_word' id='word_1_107' title='bbox 627 1103 780 1168; x_wconf 63' lang='lat' dir='ltr'><strong>potitis</strong></span> <span class='ocrx_word' id='word_1_108' title='bbox 803 1109 1046 1156; x_wconf 87' lang='lat' dir='ltr'><strong>lamellatis</strong></span> <span class='ocrx_word' id='word_1_109' title='bbox 1066 1106 1441 1155; x_wconf 86' lang='lat' dir='ltr'><strong>annumerandus</strong></span> <span class='ocrx_word' id='word_1_110' title='bbox 1463 1108 1527 1155; x_wconf 77' lang='lat' dir='ltr'><strong>sit.</strong></span> 
     </span>
    </p>

    <p class='ocr_par' dir='ltr' id='par_1_6' title="bbox 103 1166 1938 1295">
     <span class='ocr_line' id='line_1_15' title="bbox 111 1166 1938 1233; baseline 0.001 -18"><span class='ocrx_word' id='word_1_111' title='bbox 111 1204 113 1207; x_wconf 84' lang='grc'>-</span> <span class='ocrx_word' id='word_1_112' title='bbox 171 1183 219 1229; x_wconf 89' lang='lat'><strong>4.</strong></span> <span class='ocrx_word' id='word_1_113' title='bbox 247 1166 342 1216; x_wconf 87' lang='lat' dir='ltr'><strong>Sub</strong></span> <span class='ocrx_word' id='word_1_114' title='bbox 367 1180 490 1217; x_wconf 81' lang='lat' dir='ltr'><strong>terra</strong></span> <span class='ocrx_word' id='word_1_115' title='bbox 518 1167 1089 1231; x_wconf 68' lang='lat' dir='ltr'><strong>inventus‘semuncialis3</strong></span> <span class='ocrx_word' id='word_1_116' title='bbox 1122 1170 1279 1231; x_wconf 86' lang='lat' dir='ltr'><strong>capite</strong></span> <span class='ocrx_word' id='word_1_117' title='bbox 1300 1170 1449 1233; x_wconf 85' lang='lat' dir='ltr'><strong>longo</strong></span> <span class='ocrx_word' id='word_1_118' title='bbox 1475 1170 1795 1232; x_wconf 80' lang='lat' dir='ltr'><strong>prominente,</strong></span> <span class='ocrx_word' id='word_1_119' title='bbox 1824 1166 1938 1218; x_wconf 76' lang='lat' dir='ltr'><strong>fusci</strong></span> 
     </span>
     <span class='ocr_line' id='line_1_16' title="bbox 103 1226 1785 1295; baseline 0 -14"><span class='ocrx_word' id='word_1_120' title='bbox 103 1226 183 1281; x_wconf 84' lang='lat' dir='ltr'><strong>seu</strong></span> <span class='ocrx_word' id='word_1_121' title='bbox 203 1232 480 1294; x_wconf 76' lang='lat' dir='ltr'><strong>nigricantis</strong></span> <span class='ocrx_word' id='word_1_122' title='bbox 503 1235 688 1281; x_wconf 86' lang='lat' dir='ltr'><strong>coloris.</strong></span> <span class='ocrx_word' id='word_1_123' title='bbox 752 1234 810 1281; x_wconf 90' lang='lat' dir='ltr'><strong>In</strong></span> <span class='ocrx_word' id='word_1_124' title='bbox 832 1232 985 1282; x_wconf 89' lang='lat' dir='ltr'><strong>rostro</strong></span> <span class='ocrx_word' id='word_1_125' title='bbox 1009 1231 1125 1280; x_wconf 88' lang='lat' dir='ltr'><strong>striae</strong></span> <span class='ocrx_word' id='word_1_126' title='bbox 1147 1246 1236 1281; x_wconf 89' lang='lat' dir='ltr'><strong>tres</strong></span> <span class='ocrx_word' id='word_1_127' title='bbox 1250 1230 1527 1281; x_wconf 84' lang='lat' dir='ltr'><strong>rufescentes</strong></span> <span class='ocrx_word' id='word_1_128' title='bbox 1543 1247 1785 1295; x_wconf 83' lang='lat' dir='ltr'><strong>apparent.</strong></span> 
     </span>
    </p>

    <p class='ocr_par' dir='ltr' id='par_1_7' title="bbox 102 1292 1967 1424">
     <span class='ocr_line' id='line_1_17' title="bbox 172 1292 1940 1361; baseline 0.003 -20"><span class='ocrx_word' id='word_1_129' title='bbox 172 1309 211 1356; x_wconf 83' lang='grc' dir='ltr'><strong>ς.</strong></span> <span class='ocrx_word' id='word_1_130' title='bbox 253 1297 488 1359; x_wconf 80' lang='lat' dir='ltr'><strong>Quartam</strong></span> <span class='ocrx_word' id='word_1_131' title='bbox 518 1297 664 1346; x_wconf 84' lang='lat' dir='ltr'><strong>unciae</strong></span> <span class='ocrx_word' id='word_1_132' title='bbox 686 1310 868 1359; x_wconf 86' lang='lat' dir='ltr'><strong>partem</strong></span> <span class='ocrx_word' id='word_1_133' title='bbox 889 1299 1056 1361; x_wconf 88' lang='lat' dir='ltr'><strong>longus</strong></span> <span class='ocrx_word' id='word_1_134' title='bbox 1078 1295 1174 1357; x_wconf 87' lang='lat' dir='ltr'><strong>est,</strong></span> <span class='ocrx_word' id='word_1_135' title='bbox 1204 1296 1367 1345; x_wconf 86' lang='lat' dir='ltr'><strong>colore</strong></span> <span class='ocrx_word' id='word_1_136' title='bbox 1388 1292 1749 1356; x_wconf 71' lang='lat' dir='ltr'><strong>cinereo-susm,</strong></span> <span class='ocrx_word' id='word_1_137' title='bbox 1782 1298 1940 1360; x_wconf 85' lang='lat' dir='ltr'><strong>capite</strong></span> 
     </span>
     <span class='ocr_line' id='line_1_18' title="bbox 102 1358 1967 1424; baseline 0.002 -17"><span class='ocrx_word' id='word_1_138' title='bbox 102 1361 353 1421; x_wconf 65' lang='lat' dir='ltr'><strong>porreeto3</strong></span> <span class='ocrx_word' id='word_1_139' title='bbox 386 1358 594 1424; x_wconf 71' lang='lat' dir='ltr'><strong>scapulas</strong></span> <span class='ocrx_word' id='word_1_140' title='bbox 611 1376 703 1410; x_wconf 86' lang='lat' dir='ltr'><strong>tres</strong></span> <span class='ocrx_word' id='word_1_141' title='bbox 721 1362 853 1411; x_wconf 83' lang='lat' dir='ltr'><strong>lineae</strong></span> <span class='ocrx_word' id='word_1_142' title='bbox 873 1362 1125 1410; x_wconf 83' lang='lat' dir='ltr'><strong>albicantes</strong></span> <span class='ocrx_word' id='word_1_143' title='bbox 1139 1375 1429 1423; x_wconf 87' lang='lat' dir='ltr'><strong>percurrunt.</strong></span> <span class='ocrx_word' id='word_1_144' title='bbox 1960 1405 1967 1411; x_wconf 89' lang='lat'><strong>.</strong></span> 
     </span>
    </p>

    <p class='ocr_par' dir='ltr' id='par_1_8' title="bbox 101 1423 1959 1616">
     <span class='ocr_line' id='line_1_19' title="bbox 170 1423 1939 1489; baseline 0.001 -19"><span class='ocrx_word' id='word_1_145' title='bbox 170 1427 215 1470; x_wconf 84' lang='lat'><strong>6.</strong></span> <span class='ocrx_word' id='word_1_146' title='bbox 252 1425 426 1473; x_wconf 83' lang='lat' dir='ltr'><strong>Parvus</strong></span> <span class='ocrx_word' id='word_1_147' title='bbox 442 1423 524 1486; x_wconf 87' lang='lat' dir='ltr'><strong>est,</strong></span> <span class='ocrx_word' id='word_1_148' title='bbox 539 1426 695 1489; x_wconf 87' lang='lat' dir='ltr'><strong>primo</strong></span> <span class='ocrx_word' id='word_1_149' title='bbox 714 1424 866 1475; x_wconf 73' lang='lat' dir='ltr'><strong>multo</strong></span> <span class='ocrx_word' id='word_1_150' title='bbox 888 1428 1062 1486; x_wconf 88' lang='lat' dir='ltr'><strong>minor,</strong></span> <span class='ocrx_word' id='word_1_151' title='bbox 1080 1426 1251 1474; x_wconf 89' lang='lat' dir='ltr'><strong>coloris</strong></span> <span class='ocrx_word' id='word_1_152' title='bbox 1268 1425 1626 1488; x_wconf 83' lang='lat' dir='ltr'><strong>cinereo-nigri.</strong></span> <span class='ocrx_word' id='word_1_153' title='bbox 1659 1427 1748 1474; x_wconf 88' lang='lat' dir='ltr'><strong>Per</strong></span> <span class='ocrx_word' id='word_1_154' title='bbox 1766 1426 1939 1474; x_wconf 79' lang='lat' dir='ltr'><strong>micro-</strong></span> 
     </span>
     <span class='ocr_line' id='line_1_20' title="bbox 101 1483 1959 1553; baseline 0.003 -18"><span class='ocrx_word' id='word_1_155' title='bbox 101 1483 317 1550; x_wconf 87' lang='lat' dir='ltr'><strong>scopium</strong></span> <span class='ocrx_word' id='word_1_156' title='bbox 339 1485 564 1551; x_wconf 65' lang='lat' dir='ltr'><strong>spectatus</strong></span> <span class='ocrx_word' id='word_1_157' title='bbox 581 1490 788 1551; x_wconf 87' lang='lat' dir='ltr'><strong>undique</strong></span> <span class='ocrx_word' id='word_1_158' title='bbox 797 1505 1022 1553; x_wconf 84' lang='lat' dir='ltr'><strong>tanquam</strong></span> <span class='ocrx_word' id='word_1_159' title='bbox 1047 1504 1274 1552; x_wconf 82' lang='lat' dir='ltr'><strong>argenteo</strong></span> <span class='ocrx_word' id='word_1_160' title='bbox 1290 1486 1539 1552; x_wconf 85' lang='lat' dir='ltr'><strong>splendens</strong></span> <span class='ocrx_word' id='word_1_161' title='bbox 1557 1501 1770 1553; x_wconf 88' lang='lat' dir='ltr'><strong>apparet.</strong></span> <span class='ocrx_word' id='word_1_162' title='bbox 1837 1489 1959 1541; x_wconf 78' lang='lat' dir='ltr'><strong>An-.</strong></span> 
     </span>
     <span class='ocr_line' id='line_1_21' title="bbox 103 1554 1703 1616; baseline 0.002 -17"><span class='ocrx_word' id='word_1_163' title='bbox 103 1566 257 1600; x_wconf 85' lang='lat' dir='ltr'><strong>tennae</strong></span> <span class='ocrx_word' id='word_1_164' title='bbox 279 1555 551 1615; x_wconf 76' lang='lat' dir='ltr'><strong>articulatae,</strong></span> <span class='ocrx_word' id='word_1_165' title='bbox 583 1555 795 1603; x_wconf 86' lang='lat' dir='ltr'><strong>brevibus</strong></span> <span class='ocrx_word' id='word_1_166' title='bbox 816 1554 1114 1616; x_wconf 85' lang='lat' dir='ltr'><strong>internodiis,</strong></span> <span class='ocrx_word' id='word_1_167' title='bbox 1144 1556 1195 1602; x_wconf 91' lang='lat' dir='ltr'><strong>in</strong></span> <span class='ocrx_word' id='word_1_168' title='bbox 1213 1554 1459 1616; x_wconf 87' lang='lat' dir='ltr'><strong>globulum</strong></span> <span class='ocrx_word' id='word_1_169' title='bbox 1480 1554 1703 1603; x_wconf 74' lang='lat' dir='ltr'><strong>desinunt.</strong></span> 
     </span>
    </p>

    <p class='ocr_par' dir='ltr' id='par_1_9' title="bbox 97 1617 1943 1937">
     <span class='ocr_line' id='line_1_22' title="bbox 167 1617 1943 1684; baseline 0.002 -20"><span class='ocrx_word' id='word_1_170' title='bbox 167 1633 214 1677; x_wconf 90' lang='lat'><strong>7.</strong></span> <span class='ocrx_word' id='word_1_171' title='bbox 248 1617 393 1666; x_wconf 84' lang='lat' dir='ltr'><strong>Laevis</strong></span> <span class='ocrx_word' id='word_1_172' title='bbox 414 1619 666 1668; x_wconf 85' lang='lat' dir='ltr'><strong>admodum</strong></span> <span class='ocrx_word' id='word_1_173' title='bbox 681 1617 765 1680; x_wconf 88' lang='lat' dir='ltr'><strong>est,</strong></span> <span class='ocrx_word' id='word_1_174' title='bbox 780 1620 937 1681; x_wconf 84' lang='lat' dir='ltr'><strong>niger,</strong></span> <span class='ocrx_word' id='word_1_175' title='bbox 958 1623 1082 1670; x_wconf 56' lang='lat' dir='ltr'><strong>{tam</strong></span> <span class='ocrx_word' id='word_1_176' title='bbox 1105 1620 1254 1669; x_wconf 85' lang='lat' dir='ltr'><strong>unciae</strong></span> <span class='ocrx_word' id='word_1_177' title='bbox 1275 1619 1455 1680; x_wconf 75' lang='lat' dir='ltr'><strong>longus.</strong></span> <span class='ocrx_word' id='word_1_178' title='bbox 1519 1619 1685 1667; x_wconf 84' lang='lat' dir='ltr'><strong>Podex</strong></span> <span class='ocrx_word' id='word_1_179' title='bbox 1702 1619 1820 1667; x_wconf 86' lang='lat' dir='ltr'><strong>ultra</strong></span> <span class='ocrx_word' id='word_1_180' title='bbox 1843 1620 1943 1684; x_wconf 89' lang='lat' dir='ltr'><strong>ely-</strong></span> 
     </span>
     <span class='ocr_line' id='line_1_23' title="bbox 100 1678 1936 1748; baseline 0.002 -20"><span class='ocrx_word' id='word_1_181' title='bbox 100 1694 171 1729; x_wconf 82' lang='lat' dir='ltr'><strong>tra</strong></span> <span class='ocrx_word' id='word_1_182' title='bbox 188 1682 462 1746; x_wconf 86' lang='lat' dir='ltr'><strong>porrigitur.</strong></span> <span class='ocrx_word' id='word_1_183' title='bbox 525 1680 688 1747; x_wconf 85' lang='lat' dir='ltr'><strong>Caput</strong></span> <span class='ocrx_word' id='word_1_184' title='bbox 709 1697 925 1746; x_wconf 80' lang='lat' dir='ltr'><strong>parvum,</strong></span> <span class='ocrx_word' id='word_1_185' title='bbox 955 1678 1037 1734; x_wconf 86' lang='lat' dir='ltr'><strong>sub</strong></span> <span class='ocrx_word' id='word_1_186' title='bbox 1057 1679 1253 1747; x_wconf 90' lang='lat' dir='ltr'><strong>scapulis</strong></span> <span class='ocrx_word' id='word_1_187' title='bbox 1273 1684 1484 1732; x_wconf 87' lang='lat' dir='ltr'><strong>abditum</strong></span> <span class='ocrx_word' id='word_1_188' title='bbox 1502 1703 1518 1743; x_wconf 79' lang='lat'>3</span> <span class='ocrx_word' id='word_1_189' title='bbox 1557 1681 1758 1746; x_wconf 83' lang='lat' dir='ltr'><strong>forcipes</strong></span> <span class='ocrx_word' id='word_1_190' title='bbox 1774 1685 1936 1748; x_wconf 87' lang='lat' dir='ltr'><strong>magni</strong></span> 
     </span>
     <span class='ocr_line' id='line_1_24' title="bbox 102 1746 1940 1811; baseline 0 -16"><span class='ocrx_word' id='word_1_191' title='bbox 102 1746 354 1807; x_wconf 82' lang='lat' dir='ltr'><strong>Anten-nae,</strong></span> <span class='ocrx_word' id='word_1_192' title='bbox 370 1762 433 1799; x_wconf 69' lang='lat' dir='ltr'><strong>„ut</strong></span> <span class='ocrx_word' id='word_1_193' title='bbox 448 1749 500 1796; x_wconf 90' lang='lat' dir='ltr'><strong>in</strong></span> <span class='ocrx_word' id='word_1_194' title='bbox 517 1748 612 1797; x_wconf 83' lang='lat' dir='ltr'><strong>hoc</strong></span> <span class='ocrx_word' id='word_1_195' title='bbox 638 1763 833 1811; x_wconf 86' lang='lat' dir='ltr'><strong>genere,</strong></span> <span class='ocrx_word' id='word_1_196' title='bbox 866 1749 918 1797; x_wconf 88' lang='lat' dir='ltr'><strong>in</strong></span> <span class='ocrx_word' id='word_1_197' title='bbox 939 1749 1099 1798; x_wconf 88' lang='lat' dir='ltr'><strong>medio</strong></span> <span class='ocrx_word' id='word_1_198' title='bbox 1117 1749 1308 1808; x_wconf 84' lang='lat' dir='ltr'><strong>flexiles,</strong></span> <span class='ocrx_word' id='word_1_199' title='bbox 1339 1751 1386 1796; x_wconf 77' lang='grc' dir='ltr'><strong>δε</strong></span> <span class='ocrx_word' id='word_1_200' title='bbox 1408 1749 1459 1796; x_wconf 90' lang='lat' dir='ltr'><strong>in</strong></span> <span class='ocrx_word' id='word_1_201' title='bbox 1470 1747 1717 1809; x_wconf 72' lang='lat' dir='ltr'><strong>globulum</strong></span> <span class='ocrx_word' id='word_1_202' title='bbox 1732 1747 1940 1796; x_wconf 72' lang='lat' dir='ltr'><strong>desine-n-</strong></span> 
     </span>
     <span class='ocr_line' id='line_1_25' title="bbox 97 1812 1933 1877; baseline 0.001 -19"><span class='ocrx_word' id='word_1_203' title='bbox 97 1821 180 1858; x_wconf 85' lang='lat' dir='ltr'><strong>tes.</strong></span> <span class='ocrx_word' id='word_1_204' title='bbox 244 1812 477 1861; x_wconf 85' lang='lat' dir='ltr'><strong>Globulus</strong></span> <span class='ocrx_word' id='word_1_205' title='bbox 508 1827 735 1877; x_wconf 72' lang='lat' dir='ltr'><strong>antennas</strong></span> <span class='ocrx_word' id='word_1_206' title='bbox 761 1814 1014 1862; x_wconf 88' lang='lat' dir='ltr'><strong>terminans</strong></span> <span class='ocrx_word' id='word_1_207' title='bbox 1041 1827 1265 1875; x_wconf 87' lang='lat' dir='ltr'><strong>magnus:</strong></span> <span class='ocrx_word' id='word_1_208' title='bbox 1307 1812 1430 1860; x_wconf 91' lang='lat' dir='ltr'><strong>inter</strong></span> <span class='ocrx_word' id='word_1_209' title='bbox 1467 1826 1609 1874; x_wconf 88' lang='lat' dir='ltr'><strong>quem</strong></span> <span class='ocrx_word' id='word_1_210' title='bbox 1631 1815 1677 1860; x_wconf 59' lang='lat'><strong>821</strong></span> <span class='ocrx_word' id='word_1_211' title='bbox 1709 1813 1933 1860; x_wconf 77' lang='lat' dir='ltr'><strong>flexuram</strong></span> 
     </span>
     <span class='ocr_line' id='line_1_26' title="bbox 99 1875 696 1937; baseline 0.002 -15"><span class='ocrx_word' id='word_1_212' title='bbox 99 1875 253 1937; x_wconf 88' lang='lat' dir='ltr'><strong>plures</strong></span> <span class='ocrx_word' id='word_1_213' title='bbox 277 1877 459 1924; x_wconf 89' lang='lat' dir='ltr'><strong>articuli</strong></span> <span class='ocrx_word' id='word_1_214' title='bbox 476 1878 696 1925; x_wconf 87' lang='lat' dir='ltr'><strong>minores.</strong></span> 
     </span>
    </p>

    <p class='ocr_par' dir='ltr' id='par_1_10' title="bbox 98 1937 1936 2194">
     <span class='ocr_line' id='line_1_27' title="bbox 167 1937 1932 2002; baseline 0.001 -16"><span class='ocrx_word' id='word_1_215' title='bbox 167 1942 210 1986; x_wconf 90' lang='lat'><strong>8.</strong></span> <span class='ocrx_word' id='word_1_216' title='bbox 244 1937 415 2000; x_wconf 65' lang='lat' dir='ltr'><strong>Figura</strong></span> <span class='ocrx_word' id='word_1_217' title='bbox 431 1941 584 1988; x_wconf 77' lang='lat' dir='ltr'><strong>similis</strong></span> <span class='ocrx_word' id='word_1_218' title='bbox 605 1939 670 1998; x_wconf 88' lang='lat' dir='ltr'><strong>est</strong></span> <span class='ocrx_word' id='word_1_219' title='bbox 693 1937 882 2001; x_wconf 84' lang='lat' dir='ltr'><strong>reliquis</strong></span> <span class='ocrx_word' id='word_1_220' title='bbox 905 1937 1036 2001; x_wconf 82' lang='lat' dir='ltr'><strong>hujus</strong></span> <span class='ocrx_word' id='word_1_221' title='bbox 1059 1940 1243 2001; x_wconf 85' lang='lat' dir='ltr'><strong>generis</strong></span> <span class='ocrx_word' id='word_1_222' title='bbox 1267 1952 1428 2002; x_wconf 71' lang='lat' dir='ltr'><strong>praeter</strong></span> <span class='ocrx_word' id='word_1_223' title='bbox 1443 1938 1799 2000; x_wconf 79' lang='lat' dir='ltr'><strong>praecedentem,</strong></span> <span class='ocrx_word' id='word_1_224' title='bbox 1837 1938 1932 1988; x_wconf 87' lang='lat' dir='ltr'><strong>hoc</strong></span> 
     </span>
     <span class='ocr_line' id='line_1_28' title="bbox 102 1997 1936 2066; baseline 0.001 -17"><span class='ocrx_word' id='word_1_225' title='bbox 102 2000 186 2062; x_wconf 85' lang='lat' dir='ltr'><strong>est,</strong></span> <span class='ocrx_word' id='word_1_226' title='bbox 228 2005 383 2065; x_wconf 88' lang='lat' dir='ltr'><strong>capite</strong></span> <span class='ocrx_word' id='word_1_227' title='bbox 406 2006 642 2066; x_wconf 60' lang='lat' dir='ltr'><strong>porrecto,</strong></span> <span class='ocrx_word' id='word_1_228' title='bbox 685 2008 774 2052; x_wconf 62' lang='lat' dir='ltr'><strong>&amp;a</strong></span> <span class='ocrx_word' id='word_1_229' title='bbox 843 2005 1003 2066; x_wconf 87' lang='lat' dir='ltr'><strong>Caput</strong></span> <span class='ocrx_word' id='word_1_230' title='bbox 1034 2009 1078 2052; x_wconf 64' lang='grc' dir='ltr'><strong>δι’,</strong></span> <span class='ocrx_word' id='word_1_231' title='bbox 1111 2001 1304 2065; x_wconf 84' lang='lat' dir='ltr'><strong>scapulae</strong></span> <span class='ocrx_word' id='word_1_232' title='bbox 1328 2005 1470 2064; x_wconf 85' lang='lat' dir='ltr'><strong>nigrae</strong></span> <span class='ocrx_word' id='word_1_233' title='bbox 1501 1999 1626 2061; x_wconf 85' lang='lat' dir='ltr'><strong>sunt,</strong></span> <span class='ocrx_word' id='word_1_234' title='bbox 1667 2004 1816 2065; x_wconf 85' lang='lat' dir='ltr'><strong>elytra</strong></span> <span class='ocrx_word' id='word_1_235' title='bbox 1833 1997 1936 2064; x_wconf 84' lang='lat' dir='ltr'><strong>spa-</strong></span> 
     </span>
     <span class='ocr_line' id='line_1_29' title="bbox 101 2067 1934 2132; baseline 0 -17"><span class='ocrx_word' id='word_1_236' title='bbox 101 2068 248 2115; x_wconf 89' lang='lat' dir='ltr'><strong>dicea.</strong></span> <span class='ocrx_word' id='word_1_237' title='bbox 309 2070 543 2117; x_wconf 84' lang='lat' dir='ltr'><strong>Antennae</strong></span> <span class='ocrx_word' id='word_1_238' title='bbox 579 2070 837 2132; x_wconf 82' lang='lat' dir='ltr'><strong>praelongae.</strong></span> <span class='ocrx_word' id='word_1_239' title='bbox 901 2070 1111 2116; x_wconf 89' lang='lat' dir='ltr'><strong>Primum</strong></span> <span class='ocrx_word' id='word_1_240' title='bbox 1144 2068 1466 2116; x_wconf 85' lang='lat' dir='ltr'><strong>internodium</strong></span> <span class='ocrx_word' id='word_1_241' title='bbox 1498 2068 1721 2130; x_wconf 87' lang='lat' dir='ltr'><strong>longum,</strong></span> <span class='ocrx_word' id='word_1_242' title='bbox 1760 2067 1934 2128; x_wconf 85' lang='lat' dir='ltr'><strong>reliqui</strong></span> 
     </span>
     <span class='ocr_line' id='line_1_30' title="bbox 98 2130 1362 2194; baseline -0.001 -15"><span class='ocrx_word' id='word_1_243' title='bbox 98 2132 333 2179; x_wconf 86' lang='lat' dir='ltr'><strong>breviores</strong></span> <span class='ocrx_word' id='word_1_244' title='bbox 353 2150 365 2180; x_wconf 74' lang='grc' dir='ltr'>ε</span> <span class='ocrx_word' id='word_1_245' title='bbox 398 2135 480 2194; x_wconf 90' lang='lat' dir='ltr'><strong>qui</strong></span> <span class='ocrx_word' id='word_1_246' title='bbox 500 2130 651 2183; x_wconf 71' lang='lat' dir='ltr'><strong>versus</strong></span> <span class='ocrx_word' id='word_1_247' title='bbox 674 2133 988 2180; x_wconf 83' lang='lat' dir='ltr'><strong>extremitates</strong></span> <span class='ocrx_word' id='word_1_248' title='bbox 1010 2131 1210 2194; x_wconf 79' lang='lat' dir='ltr'><strong>majores</strong></span> <span class='ocrx_word' id='word_1_249' title='bbox 1233 2131 1362 2179; x_wconf 86' lang='lat' dir='ltr'><strong>fiunt.</strong></span> 
     </span>
    </p>

    <p class='ocr_par' dir='ltr' id='par_1_11' title="bbox 163 2193 1934 2259">
     <span class='ocr_line' id='line_1_31' title="bbox 163 2193 1934 2259; baseline -0.001 -16"><span class='ocrx_word' id='word_1_250' title='bbox 163 2214 208 2256; x_wconf 87' lang='lat'><strong>9.</strong></span> <span class='ocrx_word' id='word_1_251' title='bbox 242 2203 294 2250; x_wconf 50' lang='lat' dir='ltr'><strong>T}-</strong></span> <span class='ocrx_word' id='word_1_252' title='bbox 315 2199 462 2244; x_wconf 79' lang='lat' dir='ltr'><strong>unciae</strong></span> <span class='ocrx_word' id='word_1_253' title='bbox 492 2198 660 2259; x_wconf 84' lang='lat' dir='ltr'><strong>longus</strong></span> <span class='ocrx_word' id='word_1_254' title='bbox 682 2195 766 2256; x_wconf 88' lang='lat' dir='ltr'><strong>est,</strong></span> <span class='ocrx_word' id='word_1_255' title='bbox 797 2196 954 2257; x_wconf 84' lang='lat' dir='ltr'><strong>figurae</strong></span> <span class='ocrx_word' id='word_1_256' title='bbox 975 2197 1209 2257; x_wconf 77' lang='lat' dir='ltr'><strong>oblongae,</strong></span> <span class='ocrx_word' id='word_1_257' title='bbox 1242 2195 1411 2242; x_wconf 84' lang='lat' dir='ltr'><strong>coloris</strong></span> <span class='ocrx_word' id='word_1_258' title='bbox 1433 2193 1725 2256; x_wconf 87' lang='lat' dir='ltr'><strong>nigricantis,</strong></span> <span class='ocrx_word' id='word_1_259' title='bbox 1757 2193 1934 2255; x_wconf 81' lang='lat' dir='ltr'><strong>ubique</strong></span> 
     </span>
    </p>

    <p class='ocr_par' dir='ltr' id='par_1_12' title="bbox 100 2256 1935 2634">
     <span class='ocr_line' id='line_1_32' title="bbox 101 2256 1935 2324; baseline 0 -17"><span class='ocrx_word' id='word_1_260' title='bbox 101 2260 309 2321; x_wconf 84' lang='lat' dir='ltr'><strong>paullum</strong></span> <span class='ocrx_word' id='word_1_261' title='bbox 335 2261 508 2323; x_wconf 80' lang='lat' dir='ltr'><strong>hirtus3</strong></span> <span class='ocrx_word' id='word_1_262' title='bbox 539 2257 618 2310; x_wconf 87' lang='lat' dir='ltr'><strong>sed</strong></span> <span class='ocrx_word' id='word_1_263' title='bbox 640 2257 776 2324; x_wconf 87' lang='lat' dir='ltr'><strong>super</strong></span> <span class='ocrx_word' id='word_1_264' title='bbox 803 2261 966 2309; x_wconf 85' lang='lat' dir='ltr'><strong>oculos</strong></span> <span class='ocrx_word' id='word_1_265' title='bbox 997 2260 1074 2308; x_wconf 88' lang='lat' dir='ltr'><strong>vel</strong></span> <span class='ocrx_word' id='word_1_266' title='bbox 1108 2273 1334 2308; x_wconf 86' lang='lat' dir='ltr'><strong>antennas</strong></span> <span class='ocrx_word' id='word_1_267' title='bbox 1356 2259 1535 2322; x_wconf 82' lang='lat' dir='ltr'><strong>glamus</strong></span> <span class='ocrx_word' id='word_1_268' title='bbox 1564 2257 1767 2319; x_wconf 86' lang='lat' dir='ltr'><strong>pilorum</strong></span> <span class='ocrx_word' id='word_1_269' title='bbox 1791 2256 1935 2307; x_wconf 85' lang='lat' dir='ltr'><strong>rufes-</strong></span> 
     </span>
     <span class='ocr_line' id='line_1_33' title="bbox 105 2338 540 2373; baseline -0.014 0"><span class='ocrx_word' id='word_1_270' title='bbox 105 2338 325 2373; x_wconf 79' lang='lat' dir='ltr'><strong>centium.</strong></span> <span class='ocrx_word' id='word_1_271' title='bbox 536 2362 540 2367; x_wconf 89' lang='lat'><strong>.</strong></span> 
     </span>
     <span class='ocr_line' id='line_1_34' title="bbox 115 2382 1927 2452; baseline -0.002 -16"><span class='ocrx_word' id='word_1_272' title='bbox 115 2416 118 2418; x_wconf 35' lang='lat' dir='ltr'>v</span> <span class='ocrx_word' id='word_1_273' title='bbox 173 2406 239 2436; x_wconf 92' lang='lat'><strong>10.</strong></span> <span class='ocrx_word' id='word_1_274' title='bbox 277 2388 617 2450; x_wconf 84' lang='lat' dir='ltr'><strong>Magnitudine</strong></span> <span class='ocrx_word' id='word_1_275' title='bbox 650 2391 696 2437; x_wconf 68' lang='grc' dir='ltr'><strong>δε</strong></span> <span class='ocrx_word' id='word_1_276' title='bbox 729 2389 876 2452; x_wconf 85' lang='lat' dir='ltr'><strong>figura</strong></span> <span class='ocrx_word' id='word_1_277' title='bbox 910 2385 1113 2438; x_wconf 88' lang='lat' dir='ltr'><strong>secundo</strong></span> <span class='ocrx_word' id='word_1_278' title='bbox 1143 2387 1327 2448; x_wconf 84' lang='lat' dir='ltr'><strong>aequalis</strong></span> <span class='ocrx_word' id='word_1_279' title='bbox 1353 2391 1399 2436; x_wconf 84' lang='lat'>&amp;</span> <span class='ocrx_word' id='word_1_280' title='bbox 1425 2385 1580 2434; x_wconf 86' lang='lat' dir='ltr'><strong>fimilis</strong></span> <span class='ocrx_word' id='word_1_281' title='bbox 1611 2382 1696 2445; x_wconf 89' lang='lat' dir='ltr'><strong>est,</strong></span> <span class='ocrx_word' id='word_1_282' title='bbox 1728 2396 1752 2444; x_wconf 51' lang='grc' dir='ltr'><strong>ἐς</strong></span> <span class='ocrx_word' id='word_1_283' title='bbox 1778 2387 1927 2433; x_wconf 82' lang='lat' dir='ltr'><strong>unciae</strong></span> 
     </span>
     <span class='ocr_line' id='line_1_35' title="bbox 100 2449 1926 2515; baseline -0.002 -16"><span class='ocrx_word' id='word_1_284' title='bbox 100 2453 280 2513; x_wconf 81' lang='lat' dir='ltr'><strong>longus.</strong></span> <span class='ocrx_word' id='word_1_285' title='bbox 342 2451 518 2515; x_wconf 88' lang='lat' dir='ltr'><strong>Elytris</strong></span> <span class='ocrx_word' id='word_1_286' title='bbox 534 2451 946 2514; x_wconf 71' lang='lat' dir='ltr'><strong>cinerascentibuS,</strong></span> <span class='ocrx_word' id='word_1_287' title='bbox 979 2454 1160 2501; x_wconf 86' lang='lat' dir='ltr'><strong>macula</strong></span> <span class='ocrx_word' id='word_1_288' title='bbox 1182 2453 1400 2512; x_wconf 89' lang='lat' dir='ltr'><strong>utrinque</strong></span> <span class='ocrx_word' id='word_1_289' title='bbox 1422 2450 1574 2498; x_wconf 86' lang='lat' dir='ltr'><strong>albida</strong></span> <span class='ocrx_word' id='word_1_290' title='bbox 1597 2449 1649 2498; x_wconf 89' lang='lat' dir='ltr'><strong>in</strong></span> <span class='ocrx_word' id='word_1_291' title='bbox 1671 2450 1845 2508; x_wconf 79' lang='lat' dir='ltr'><strong>medic,</strong></span> <span class='ocrx_word' id='word_1_292' title='bbox 1878 2454 1926 2496; x_wconf 69' lang='grc' dir='ltr'><strong>ἅτ</strong></span> 
     </span>
     <span class='ocr_line' id='line_1_36' title="bbox 101 2512 1922 2591; baseline -0.002 -28"><span class='ocrx_word' id='word_1_293' title='bbox 101 2515 252 2565; x_wconf 78' lang='lat' dir='ltr'><strong>versus</strong></span> <span class='ocrx_word' id='word_1_294' title='bbox 286 2532 428 2591; x_wconf 75' lang='lat' dir='ltr'><strong>anum</strong></span> <span class='ocrx_word' id='word_1_295' title='bbox 461 2533 570 2567; x_wconf 87' lang='lat' dir='ltr'><strong>area</strong></span> <span class='ocrx_word' id='word_1_296' title='bbox 597 2519 798 2570; x_wconf 77' lang='lat' dir='ltr'><strong>albidior</strong></span> <span class='ocrx_word' id='word_1_297' title='bbox 824 2519 1043 2580; x_wconf 87' lang='lat' dir='ltr'><strong>utrinque</strong></span> <span class='ocrx_word' id='word_1_298' title='bbox 1077 2533 1177 2579; x_wconf 88' lang='lat' dir='ltr'><strong>quae</strong></span> <span class='ocrx_word' id='word_1_299' title='bbox 1212 2516 1263 2566; x_wconf 82' lang='lat' dir='ltr'><strong>in</strong></span> <span class='ocrx_word' id='word_1_300' title='bbox 1293 2513 1391 2578; x_wconf 86' lang='lat' dir='ltr'><strong>ipsa</strong></span> <span class='ocrx_word' id='word_1_301' title='bbox 1423 2512 1635 2576; x_wconf 66' lang='lat' dir='ltr'><strong>junctura</strong></span> <span class='ocrx_word' id='word_1_302' title='bbox 1669 2514 1922 2576; x_wconf 76' lang='lat' dir='ltr'><strong>clyti-orum</strong></span> 
     </span>
     <span class='ocr_line' id='line_1_37' title="bbox 104 2595 414 2634; baseline -0.003 -5"><span class='ocrx_word' id='word_1_303' title='bbox 104 2595 414 2634; x_wconf 64' lang='lat' dir='ltr'><strong>conveniunt.&gt;</strong></span> 
     </span>
    </p>
   </div>
   <div class='ocr_carea' id='block_1_4' title="bbox 961 2763 1936 2821">
    <p class='ocr_par' dir='ltr' id='par_1_13' title="bbox 961 2763 1936 2821">
     <span class='ocr_line' id='line_1_38' title="bbox 961 2763 1936 2821; baseline -0.009 -1"><span class='ocrx_word' id='word_1_304' title='bbox 961 2766 1087 2821; x_wconf 61' lang='grc' dir='ltr'><strong>ΝΖ</strong></span> <span class='ocrx_word' id='word_1_305' title='bbox 1706 2763 1936 2814; x_wconf 65' lang='grc' dir='ltr'>θεοῖ,</span> 
     </span>
    </p>
   </div>
  </div>
 </body>
</html>
