2322 3206
507 173 512 178 ,
813 83 844 176 (
893 94 1018 181 21⁵7
1067 90 1093 180 )

58 189 215 244 iidem
251 190 395 238 etiam
415 185 598 236 colores
618 185 710 234 alas
731 185 975 241 interiores
1001 203 1266 255 occupant,
1297 198 1413 257 quin
1448 204 1494 250 δε
1525 205 1574 252 in
1606 210 1763 256 aversis
1789 212 1874 260 ali-J>

55 267 326 313 cernuntur,
358 247 520 300 verum
541 250 793 302 dilutioreS.
827 291 829 293 .
856 257 1082 304 Praeterea
1104 256 1155 305 in
1174 259 1326 309 media
1348 275 1469 313 zona
1487 271 1720 319 anteriore
1748 288 1868 335 pun-

54 322 180 367 etum
201 317 392 378 nigrum
410 316 592 380 infigne
608 316 659 365 in
672 316 857 380 singulis
874 319 955 369 alis
968 333 1175 382 apparet.

53 455 158 564 125.
258 468 331 513 19.
364 451 565 499 Phalaena
598 455 750 514 minor,
798 453 878 501 alo's
920 455 1211 565 exlbqlbicante
1252 457 1310 511 ὠ
1346 464 1462 525 nigro
1500 471 1666 528 wrm,
1713 486 1866 533 corpore

6 543 14 554 τ
49 534 78 579 9
115 532 189 567 ,2.
531 566 535 571 ,
936 538 961 567 a
1006 535 1154 572 zcante.

45 641 365 765 SUpremus
384 644 562 709 alarum
585 647 870 696 exteriorum
892 649 1087 709 angulus
1107 651 1164 698 ad
1182 645 1384 712 scapulas
1402 657 1614 718 nigricat.
1679 660 1759 708 Ad
1781 677 1862 710 ex„

0 724 5 729 ·
155 709 375 756 teriorem
391 709 643 759 earundem
664 711 944 771 marginem,
974 713 1125 760 media
1146 714 1458 778 longitudine,
1492 723 1673 770 macula
1695 722 1860 786 majus«

40 771 148 818 cula
174 773 310 833 nigra
330 774 669 835 propemodum
684 774 909 834 quadrata
926 776 1150 835 cernitur,
1181 774 1208 823 a
1231 792 1320 838 qua
1336 781 1529 831 dilutior
1548 787 1704 834 areola
1722 789 1861 835 dimi-

42 834 129 881 diae
151 837 343 882 maculae
364 837 590 898 praedicstae.
606 837 862 884 latitudinis
882 838 938 883 ad
955 839 1232 887 interiorem
1254 843 1335 889 alae
1355 847 1616 906 marginem
1638 852 1859 911 produci-

39 909 126 944 tur.
189 895 387 947 Inferius
407 915 558 962 prope
581 901 804 950 extimum
826 901 908 947 alae
929 902 1152 964 angulum
1172 908 1353 953 macula
1363 909 1498 969 nigra
1520 912 1693 972 minor,
1722 912 1749 961 a
1766 929 1858 975 qua

39 961 237 1011 minima
264 962 384 1022 alia,
414 961 592 1011 lineola
619 963 851 1011 albicante
875 963 1033 1014 divisa.
1097 964 1300 1016 Inferior
1321 965 1401 1016 alae
1430 987 1513 1020 ora
1545 975 1690 1022 dilute
1711 993 1858 1025 coeru-

37 1022 182 1074 lescit.
247 1027 350 1074 Alae
371 1028 613 1075 interiores
634 1043 693 1076 ex
715 1027 823 1075 albo
844 1027 1168 1089 coerulescunt,
1200 1032 1341 1080 tribus
1361 1033 1494 1084 lineis
1514 1035 1858 1089 obscurioribus

38 1086 298 1139 transversis
318 1087 489 1150 divisae,
521 1102 685 1151 praeter
705 1090 918 1140 infimam
934 1093 1168 1142 dentatam
1189 1094 1239 1141 in
1262 1095 1356 1143 ima
1378 1113 1476 1145 ora.

101 1152 218 1229 Post}
234 1155 443 1206 medium
466 1155 681 1223 Aprilem
702 1155 818 1215 exit,
849 1155 944 1205 hoc
972 1171 1101 1206 anno
1123 1161 1262 1218 1696,
1294 1163 1340 1208 δε
1370 1162 1495 1223 apud
1527 1177 1612 1213 nos
1638 1163 1856 1228 frequens

31 1229 254 1268 occurrit.

34 1366 110 1401 21.
143 1352 346 1403 Phalaena
383 1358 518 1401 minor
547 1353 869 1416 nigro-viridis,
912 1353 995 1400 alis
1026 1354 1307 1414 exterioribus,
1345 1364 1720 1423 externoffmargine
1741 1375 1857 1428 prope

381 1422 515 1466 imam
537 1417 653 1465 alam
670 1417 836 1465 macula
857 1416 955 1466 albic
977 1423 1149 1480 notatis,
1179 1431 1227 1465 ut
1247 1416 1305 1470 ό*
1326 1424 1495 1469 interno.

179 1539 282 1588 1,AE
305 1538 558 1586 exteriores
576 1537 794 1602 oblongae
819 1535 951 1598 sunt,
985 1539 1044 1587 ab
1065 1537 1263 1603 angusto
1284 1542 1524 1603 principio
1557 1539 1717 1591 senfim
1740 1545 1857 1593 dila-

211 1614 333 1661 tatae,
365 1613 418 1648 ut
436 1599 652 1649 Phalaena
674 1597 783 1650 cum
812 1601 938 1651 sedet
968 1603 1256 1665 triangulum
1279 1602 1488 1660 isosceles
1515 1604 1719 1655 referat:
1749 1605 1855 1657 sunt

31 1679 189 1716 autem
211 1662 405 1713 obscure
441 1668 488 1713 δε
514 1662 698 1713 sordide
722 1666 909 1725 virides,
939 1666 1122 1715 lineolis
1158 1668 1341 1730 aliquot
1371 1669 1680 1718 albicantibus
1702 1672 1856 1721 variae.

31 1731 158 1781 Area
179 1724 431 1777 transversa
444 1729 650 1777 albicans
669 1745 769 1782 non
784 1726 927 1791 longe
946 1730 1005 1778 ab
1028 1743 1194 1780 exortu
1212 1734 1303 1780 alas
1325 1732 1508 1792 dividit,
1540 1748 1639 1794 quae
1660 1735 1712 1782 in
1734 1749 1858 1784 non-

29 1795 169 1843 nullis
183 1791 425 1842 manifesta
443 1791 527 1853 est,
560 1794 611 1842 in
628 1793 728 1842 aliis
748 1795 826 1843 vix
843 1791 1130 1844 discernitur.
1193 1797 1298 1844 Ima
1316 1797 1397 1844 alae
1413 1812 1495 1844 ora
1512 1797 1692 1845 fimbria
1710 1796 1736 1846 ὲ
1748 1798 1854 1848 rufo

29 1859 278 1906 flavicante
319 1854 580 1911 cineta—est.
646 1859 746 1906 Alae
773 1859 1019 1907 interiores
1050 1856 1213 1922 supina
1236 1872 1368 1920 parte
1398 1860 1613 1920 cinereae,
1644 1877 1794 1923 prona
1824 1861 1852 1910 ὲ

27 1920 158 1970 fulvo
179 1921 403 1981 albicant,
433 1919 566 1968 lineis
585 1919 841 1969 transverfis
860 1927 908 1971 ¹&
928 1924 1111 1982 puncstis
1131 1923 1468 1984 nigricantibus
1484 1925 1633 1970 variae.
1699 1927 1758 1972 In
1780 1922 1861 1973 [αἱ

27 1986 225 2048 perioris
249 1985 382 2033 lineae
404 1985 557 2031 media
580 1997 711 2046 parte
730 1984 905 2033 lineola
925 1982 1142 2033 intensius
1158 1987 1411 2046 nigricans.
1476 1986 1578 2034 Alae
1600 1989 1854 2037 exteriores

28 2047 182 2098 subtus
212 2047 238 2095 ὲ
266 2044 397 2095 fusco
418 2048 632 2108 cinereae,
665 2049 790 2095 linea
821 2050 914 2096 lata
948 2045 1199 2096 transversa
1235 2048 1261 2095 ὲ
1292 2047 1422 2097 fulvo
1456 2050 1722 2110 flavicante,
1771 2052 1854 2101 ubi

30 2112 220 2162 maculae
240 2111 351 2158 albae
368 2111 419 2158 in
434 2107 598 2174 supina
619 2111 691 2160 ala
707 2108 827 2172 sunt,
859 2112 1182 2175 insigniuntur.
1247 2113 1433 2178 Corpus
1449 2113 1531 2161 alis
1548 2115 1789 2163 concolor.

95 2178 343 2226 Autumno
364 2175 478 2223 exit.
1717 2190 1719 2193 ’

31 2304 143 2354 Ρ.Α.
169 2318 241 2366 33.
308 2320 386 2351 22.
418 2301 616 2349 Phalaena
645 2307 796 2362 minor,
844 2303 926 2350 alis
955 2300 1115 2364 stapinix
1137 2301 1301 2364 sordid&
1337 2303 1581 2364 albentibus,
1634 2322 1730 2350 area
1759 2304 1850 2352 luta

371 2365 609 2427 transversa
626 2366 842 2427 obscuriore
862 2384 955 2414 cum
982 2367 1122 2415 viridi
1140 2367 1323 2431 quadam
1344 2371 1528 2416 tino'ffura
1551 2369 1770 2430 distinata.

29 2494 34 2525 ἕ
177 2495 280 2548 Rea
313 2493 412 2544 haec
432 2492 551 2556 aegre
583 2494 766 2542 vifibilis
782 2493 878 2554 est,
923 2491 1058 2556 ssipra
1086 2491 1335 2558 subtusque
1363 2493 1490 2545 linea
1525 2493 1666 2560 nigra
1695 2497 1855 2544 termi-

207 2571 335 2618 nata,
363 2563 513 2607 versus
535 2560 815 2607 exteriorem
843 2559 924 2606 alae
946 2560 1208 2621 marginem
1231 2561 1373 2622 duplo
1405 2559 1505 2610 fere
1539 2562 1677 2609 latior
1708 2560 1849 2620 quam

31 2618 181 2668 versus
216 2622 488 2671 interiorem
507 2644 524 2683 ,-
567 2623 658 2682 alas
696 2624 839 2670 etiam
878 2623 1123 2670 interiores
1151 2625 1401 2686 pertransit.
1464 2623 1719 2673 Interiores
1755 2638 1849 2672 etc-

34 2685 136 2732 nim
157 2685 236 2730 alae
258 2685 316 2732 ab
331 2685 656 2745 exterioribus,
686 2682 793 2734 cum
816 2687 1148 2734 animalculum
1175 2684 1300 2735 sedet
1319 2704 1419 2739 non
1435 2689 1736 2752 obteguntur,
1767 2703 1854 2734 un·-

34 2748 92 2798 de
111 2749 311 2798 Erucam
328 2750 373 2799 ei
394 2750 613 2815 praeviam
635 2749 939 2863 Geometraxi}
952 2748 1053 2866 teffe
1075 2748 1295 2814 conjicio.
1741 2814 1795 2863 Pl

1634 2831 1703 2875 34·
1787 2829 1858 2864 m=
