2322 3206
918 51 1180 142 (τε)

144 162 216 212 oli
250 159 410 225 paucis
439 158 600 208 diebus
641 155 670 207 ὂ,
690 158 934 208 nativitate
955 160 1208 211 cuticulam
1233 176 1428 223 exuunt,
1460 168 1512 216 ac
1538 165 1723 232 deinde,
1756 183 1809 221 ut
1831 177 1982 226 verm-

145 227 258 275 mile
276 222 360 285 est,
394 224 533 271 aliam
556 237 694 285 atque
716 225 855 272 aliam
872 221 1127 275 secundum
1164 243 1328 277 eorum
1348 230 1710 295 incrementum,
1747 239 1899 289 donec
1921 244 1980 291 ad

143 288 308 354 justam
329 289 708 353 magnitudinem
721 290 1036 353 pervenerint.

178 355 450 417 'Integram
482 354 733 401 cuticulam
766 368 962 415 exuunt,
997 355 1140 403 etiam
1172 356 1304 405 Telis
1339 371 1438 406 non
1475 361 1698 424 exceptis,
1746 379 1846 426 quae
1883 364 1988 416 fere-

142 416 378 468 erustacea
394 414 499 469 sunt
515 431 567 466 ut
580 419 796 468 diximus.
857 420 949 468 Per
970 422 1128 483 peditus
1148 435 1304 470 autem
1319 437 1374 470 ea
1396 422 1601 473 finditur.

143 540 221 591 De
257 538 560 593 Araneorum
596 540 739 591 vida
770 537 830 594 ῥ’
851 539 1069 591 venandi
1096 543 1302 608 ratione,
1346 539 1429 594 ubi
1452 545 1600 596 etiam
1619 545 1676 597 de
1696 545 1848 622 Vespa
1866 549 1971 603 Ich.

367 614 646 665 ''‘neum0nis
668 616 970 666 Araneorum
997 610 1220 680 hostibus,
1258 632 1320 666 ex
1344 614 1500 668 eodem
1528 615 1689 672 Libro.

139 739 468 866 PLerisque
483 736 682 793 Araneis
699 743 868 792 retium
891 739 1016 791 certe
1048 745 1095 791 δε
1124 743 1323 792 telarum
1350 747 1609 796 textoribus
1641 745 1739 797 fere
1771 747 1970 811 promis—

276 823 388 857 cuus
409 809 554 856 vietus
590 806 655 856 est
685 822 745 856 ex
775 807 1040 870 omnigenis
1061 805 1243 868 muscis,
1277 810 1497 871 fiquidem
1530 827 1688 860 earum
1706 814 1896 862 venatio
1916 818 1961 862 δε

138 872 291 934 praeda
312 871 505 920 fortuita
523 871 601 920 est.
669 872 896 920 Attamen
928 887 990 920 ex
1019 871 1088 920 his
1109 872 1251 920 etiam
1273 870 1377 921 sunt
1409 875 1575 936 quibus
1604 876 1701 925 haec
1725 876 1865 938 quam
1886 879 1967 925 illa

137 937 288 997 magis
322 949 455 1000 grata
487 934 556 984 est
589 931 768 984 musca:
816 931 1024 999 ideoque
1061 935 1167 984 loca
1203 935 1306 985 telis
1340 935 1642 1001 frequentant
1663 941 1743 990 ubi
1757 941 1804 989 id
1821 957 1966 1005 genus

136 997 304 1049 muscae
323 998 463 1050 facile
479 1001 784 1064 reperiantur.

202 1064 326 1113 Illud
353 1062 634 1113 veriffimum
665 1062 733 1113 est
762 1078 841 1112 eos
867 1064 1091 1125 quassibet
1111 1061 1286 1114 muscas
1312 1068 1548 1128 occidere,
1579 1083 1680 1116 non
1699 1069 1897 1117 inermes
1917 1071 1963 1117 St

132 1127 347 1178 imbelles
381 1126 585 1189 tantum,
617 1125 692 1176 fied
730 1125 888 1191 vespas
922 1129 1082 1182 etiam,
1116 1132 1163 1176 &
1192 1133 1481 1191 praegrandes
1502 1129 1800 1194 quascunque
1817 1133 1961 1194 ApeS,

135 1191 381 1252 Tubanos,
414 1190 600 1254 aliaque
631 1188 806 1239 inse&a
837 1189 1121 1252 perniciosa,
1153 1205 1205 1239 ut
1239 1192 1597 1256 ScolopendraS.
1663 1197 1784 1244 Item
1816 1210 1875 1243 ex
1893 1197 1962 1244 his
2039 1224 2043 1228 ·

131 1255 256 1315 sunt,
288 1257 371 1318 qui
393 1255 694 1305 Araneorum
714 1269 804 1302 ova
820 1252 1132 1316 depascuntur
1155 1271 1168 1302 2
1200 1253 1322 1318 ipsos
1345 1272 1535 1319 quoque
1547 1259 1758 1307 Araneos
1778 1261 1851 1307 vel
1872 1256 1958 1322 sui,

130 1321 208 1370 vel
223 1319 411 1368 alterius
432 1321 619 1383 generis
641 1319 912 1381 arripiunt3
944 1321 1088 1369 etiam
1121 1314 1230 1368 cslm
1259 1316 1328 1369 sui
1359 1320 1472 1384 juris
1499 1319 1603 1372 sunt
1638 1327 1683 1374 &
1716 1321 1863 1371 libere
1883 1338 1962 1372 ve-

129 1399 323 1445 nantur,
356 1388 402 1434 8ae
425 1400 526 1433 non
547 1383 639 1432 cust
648 1381 759 1432 odia
778 1383 950 1432 vexati.

194 1451 307 1500 Solo
326 1445 590 1497 muscarum
611 1444 766 1503 succo,
800 1449 1030 1496 stillarum
1053 1447 1280 1498 cadavera
1313 1445 1484 1512 rejecta
1517 1446 1709 1514 aspicias
1744 1449 1868 1500 vesci
1890 1453 1964 1499 vimv

131 1514 319 1572 dentur,
352 1514 419 1562 sm
452 1527 608 1562 autern
641 1528 805 1561 eorum
839 1525 1141 1561 excrementa
1172 1528 1361 1576 quoque
1392 1513 1541 1576 probe
1574 1518 1808 1565 examines
1829 1517 1880 1564 in
1902 1518 1958 1565 iis

129 1578 368 1643 particulae
396 1578 627 1627 corticum
661 1572 922 1625 muscarum
952 1591 1052 1624 non
1083 1591 1241 1639 paucae
1272 1574 1430 1626 insunt
1446 1600 1464 1641 ,-
1515 1577 1771 1643 duriorque
1807 1579 1958 1628 crusta

128 1657 380 1691 commune
397 1638 655 1691 muscarum
673 1654 1000 1705 tegumentum
1017 1640 1068 1690 in
1088 1638 1220 1690 causa
1233 1657 1294 1692 ex
1307 1656 1443 1707 parte
1459 1640 1551 1692 effe
1573 1644 1729 1709 poffit,
1762 1660 1845 1694 cur
1856 1659 1955 1694 non
2022 1676 2024 1678 v

129 1723 189 1758 ex
207 1720 310 1756 toto
329 1706 381 1754 id
398 1708 624 1755 devorent
636 1707 760 1768 quod
779 1707 938 1755 edunt.
1640 1720 1643 1723 ·

193 1772 376 1820 Aranei
413 1771 539 1819 nihil
572 1771 854 1830 recondunt,
889 1765 1016 1831 quod
1047 1769 1128 1817 diu
1160 1770 1253 1818 fine
1290 1771 1399 1820 cibo
1427 1773 1587 1821 vivere
1614 1769 1836 1835 poffunt3
1869 1787 1954 1834 per

126 1834 348 1900 hyemem
365 1831 478 1882 vero
501 1850 561 1883 ex
581 1848 685 1883 toto
707 1832 957 1894 abstinent,
988 1837 1035 1882 δε
1050 1832 1110 1882 ne
1123 1835 1297 1882 vitium
1315 1836 1506 1898 quidem
1519 1849 1745 1900 quaerunt,
1775 1831 1953 1897 ipsique

126 1914 178 1948 ut
199 1900 451 1962 plurimum
472 1914 553 1961 per
574 1900 622 1947 id
643 1913 822 1962 tempus
836 1900 937 1947 telis
961 1899 1164 1947 involuti
1186 1898 1543 1961 conquiescunt,
1577 1916 1624 1948 at
1654 1916 1753 1948 non
1775 1902 1951 1963 torpidi

123 1965 332 2023 interim,
363 1960 442 2010 sed
457 1961 584 2025 aeque
607 1964 754 2026 agiles
775 1978 832 2010 ac
850 1959 958 2011 cum
971 1963 1204 2025 prodeunt
1232 1978 1470 2024 venatum,
1510 1965 1643 2012 omni
1661 1965 1804 2012 etiam
1837 1965 1950 2012 anni

122 2042 338 2091 tempore
359 2027 592 2075 diutinum
610 2024 839 2089 jejunium
863 2027 982 2076 ferre
1001 2025 1190 2090 poffunt
1205 2045 1220 2086 ,-
1256 2028 1415 2076 calidis
1447 2043 1636 2090 quoque
1664 2029 1950 2088 regionibus,

122 2094 268 2141 etiam
293 2107 378 2155 per
390 2089 608 2152 aestatem,
641 2107 742 2139 non
763 2088 914 2140 solum
927 2087 1036 2139 cum
1058 2092 1239 2155 Hyems
1271 2105 1346 2138 eos
1379 2089 1640 2139 neceffario
1659 2104 1813 2153 cogat.
1878 2093 1946 2139 A·

123 2164 290 2205 raneos
325 2156 505 2216 (inquit
530 2159 579 2202 F.
595 2156 724 2213 Redi)
758 2170 856 2203 tam
877 2153 1101 2203 masculos
1117 2152 1256 2216 quam
1267 2153 1474 2203 foeminas
1490 2157 1596 2204 vasis
1615 2157 1771 2203 vitreis
1803 2169 1942 2204 exce-

125 2221 201 2283 pi,
234 2219 583 2280 longitudinem
596 2220 701 2266 vitae
713 2221 836 2267 inter
851 2220 942 2266 alia
954 2217 1215 2276 observavi,
1247 2219 1486 2266 nonnullis
1501 2217 1528 2266 ὲ
1551 2234 1603 2279 15
1623 2219 1740 2281 Julii
1757 2233 1852 2280 quo
1867 2220 1943 2268 die

123 2286 251 2347 capti
272 2296 408 2332 erant
430 2283 480 2330 in
498 2282 641 2330 finem
657 2279 1024 2344 usqueJanuarii
1047 2297 1151 2330 eam
1163 2282 1536 2343 prOducentibus.

190 2350 258 2398 At
270 2346 452 2396 Aranei
465 2362 564 2394 non
582 2347 796 2394 omnibus
817 2344 981 2394 muscis
1014 2342 1133 2393 adeo
1160 2346 1388 2394 terribiles
1408 2343 1530 2406 sunt,
1568 2346 1682 2408 quin
1699 2347 1835 2395 exiis
1859 2346 1941 2394 ali-

80 2437 84 2440 ·
124 2429 225 2475 quae
253 2413 355 2471 smt,
407 2425 506 2472 quae
532 2407 656 2472 ipsos
681 2412 823 2458 etiam
846 2413 1060 2461 Araneos
1083 2409 1389 2468 interficiant,
1422 2423 1474 2458 ut
1503 2411 1713 2472 quaedam
1739 2407 1895 2471 Vespae
1917 2410 1942 2458 a

122 2476 349 2526 veteribus
372 2476 654 2522 Ichneumones
663 2475 800 2523 dista.
864 2476 918 2522 ld
931 2489 1076 2537 genus
1088 2470 1264 2522 Muscae
1277 2472 1570 2522 Araneorum
1588 2490 1676 2522 ova
1688 2472 1944 2537 depascun-

119 2555 214 2602 tur,
245 2540 389 2600 inque
405 2539 505 2601 ipfis
520 2555 682 2587 eorum
699 2537 919 2587 folliculis
935 2540 1044 2587 ideo
1065 2537 1227 2586 foetum
1239 2533 1369 2585 suum
1393 2539 1593 2600 pariunt.
1660 2540 1727 2588 At
1746 2553 1837 2587 nec
1849 2553 1939 2598 ova

124 2599 307 2654 tanturn
318 2600 464 2666 vespis
476 2604 540 2652 eis
559 2604 702 2651 victui
724 2600 827 2650 sunt
840 2606 948 2652 dum
964 2604 1015 2651 in
1037 2600 1313 2660 vermicuIO,
1345 2597 1422 2649 sed
1444 2605 1526 2664 ipsi
1556 2604 1699 2651 etiam
1722 2603 1898 2651 Aranei
1923 2624 1938 2662 3

121 2666 247 2732 quod
268 2682 455 2729 egomet
489 2684 588 2717 non
618 2670 711 2715 fine
738 2665 914 2716 summa
935 2667 1246 2716 admiratione
1268 2668 1316 2713 ὅτ
1339 2667 1649 2730 delectatione
1684 2664 1942 2726 observavi,

122 2730 313 2796 aliisque
335 2746 518 2782 mecum
535 2732 817 2784 recentiores
832 2733 939 2794 viri,
973 2728 1103 2793 hujus
1121 2733 1190 2782 rei
1204 2729 1366 2779 idonei
1385 2728 1528 2781 testes,
1547 2730 1567 2744 ““
1839 2798 1874 2839 G

1881 2809 1931 2837 ee<
