2322 3206
916 83 959 173 ,(
1012 106 1135 175 349
1186 86 1213 176 )

127 187 160 246 ξ’·
191 191 252 242 In
274 187 512 239 nonnullis
528 189 719 239 maculae
741 191 886 256 nigrae
902 193 952 242 in
984 210 1134 257 prona
1155 196 1381 248 duntaxat
1400 200 1576 252 alarum
1598 219 1728 269 parte
1746 227 1946 266 cernun-

127 268 217 317 tur,
250 254 302 302 in
318 253 418 303 aliis
432 253 651 316 utrinque
672 269 913 319 apparent.
977 260 1117 311 Forte
1132 275 1223 323 pro
1240 258 1432 315 sexuum
1453 266 1723 321 diversitate.

122 396 198 430 20.
231 385 372 430 Eruca
392 383 617 445 Brafficam
634 382 842 450 depascens
863 385 1046 448 viride,
1072 387 1304 454 mediocris,
1334 391 1448 442 lined
1482 398 1528 444 in
1559 408 1726 464 utroque
1755 399 1881 451 latere
1921 406 1941 453 ὲ

843 449 948 499 luteo
985 452 1202 503 albicante.

182 508 466 571 Yranfitribed.

118 569 302 695 PIlis
324 574 536 623 brevibus
551 575 662 624 raris
681 580 728 626 δε
742 577 822 626 vix
843 575 1104 638 conspicuis
1118 580 1262 631 oblita
1274 579 1354 632 est.
1417 585 1475 635 In
1493 586 1770 638 annulorum
1792 592 1936 642 inter-

250 636 383 686 stitiis
397 639 529 687 lineae
547 636 805 689 transversae
819 641 845 688 ὲ
861 643 987 690 luteo
1004 641 1261 693 albicantes
1274 662 1545 711 cernuntur,
1572 666 1673 713 quae
1690 650 1796 702 ct‘xm
1812 658 1935 706 inter

113 698 427 750 incedendum
449 717 612 764 corpus
645 704 873 762 extendit,
905 699 1155 767 disparent,
1186 720 1239 756 ut
1269 724 1346 771 ex,
1364 713 1801 776 pellisduplicatura
1822 735 1932 768 ortae

112 762 373 816 videantur.
436 767 496 815 In
521 765 678 814 medio
708 766 845 816 dorso
865 768 992 818 linea
1012 763 1211 820 saturate
1231 773 1391 822 viridis
1411 774 1439 824 a
1463 778 1616 839 capite
1648 781 1707 828 ad
1733 786 1927 832 caudam

109 829 390 878 extenditur.
450 830 597 892 Supra
616 830 762 881 lineas
775 831 987 881 laterales
1001 830 1052 879 in
1070 848 1359 898 unoquoque
1375 842 1550 889 annulo
1567 843 1738 906 fingula
1755 852 1927 908 puncta

108 886 344 942 obscurius
363 894 532 942 viridia
548 909 657 943 cum
673 896 897 956 pundtulo
916 897 966 949 in
983 896 1142 945 medio
1156 900 1388 951 albicante
1405 904 1643 954 habentur.

172 956 360 1019 Papilio
376 955 647 1008 Brafficaria
666 959 838 1020 media,
865 960 948 1009 alis
965 958 1096 1020 albis,
1128 960 1318 1013 inferius
1341 967 1464 1016 circa
1475 984 1642 1018 nervos
1663 968 1690 1019 ὲ
1705 973 1841 1022 viridi
1856 977 1928 1023 ni-

103 1020 390 1079 gricantibus
413 1020 547 1070 lineis
563 1018 742 1070 striatis.

172 1086 366 1148 Corpus
378 1082 594 1148 supinum
616 1086 837 1149 nigricat,
869 1090 979 1136 ut&
998 1085 1174 1136 alarum
1197 1090 1332 1140 initia
1348 1089 1424 1141 seu
1442 1109 1639 1145 exortus.
1707 1100 1806 1152 Alae
1826 1117 1924 1150 am-

102 1148 188 1209 plae
210 1163 260 1198 ut
281 1151 331 1197 in
352 1150 543 1212 reliquis
559 1150 754 1211 diurnis,
783 1152 1036 1200 exteriores
1049 1153 1106 1199 ad
1121 1156 1346 1204 extimum
1364 1161 1586 1220 angulum
1605 1163 1747 1224 nigro
1762 1167 1921 1214 colore
1967 1182 1969 1184 ·

100 1215 273 1274 tinstae,
302 1210 455 1263 subtus
483 1214 542 1261 ad
567 1230 734 1262 nervos
769 1215 1107 1277 nigricantibus
1138 1217 1273 1266 lineis
1300 1219 1465 1268 striatae
1499 1219 1603 1271 sunt
1630 1243 1640 1272 :
1682 1228 1923 1277 interiores

97 1273 252 1327 subtus
274 1279 510 1336 flavicant,
533 1279 593 1325 ad
615 1293 780 1326 nervos
799 1280 934 1326 lineis
951 1277 1054 1326 latis
1071 1276 1248 1328 eviridi
1269 1285 1605 1346 nigricantibus
1623 1287 1800 1339 striatae.
1862 1294 1922 1340 In

97 1341 338 1389 nonnullis
366 1340 550 1389 macula
572 1341 707 1402 nigra
730 1343 928 1389 rotunda
951 1343 1075 1389 circa
1096 1345 1300 1392 mediam
1331 1349 1622 1398 latitudinem
1645 1355 1701 1401 ab
1725 1356 1818 1402 ima
1848 1358 1920 1402 ala

95 1420 196 1453 non
217 1403 361 1467 longe
383 1406 608 1464 cernitur,
638 1404 772 1453 lineae
792 1400 934 1454 etiam
953 1406 1235 1465 nigricantes
1252 1407 1505 1462 secundum
1522 1429 1689 1465 nervos
1712 1415 1919 1480 superius

58 1492 63 1496 ·
95 1483 335 1532 apparent.

94 1614 169 1644 21.
202 1601 342 1646 Eruca
375 1598 586 1662 lupulacea
625 1595 784 1659 hirsuta
816 1599 835 1646 ὲ
865 1597 954 1661 rufo
972 1602 1200 1662 nigricans,
1236 1601 1401 1651 macula*
1430 1604 1527 1651 alba*
1560 1605 1683 1669 longa*
1712 1612 1758 1657 in
1787 1609 1918 1659 medio

814 1689 820 1693 ·
850 1662 961 1724 dorsb
991 1677 1146 1712 notata.

155 1723 443 1785 Transcribed.
638 1748 641 1749 ⁷
1022 1789 1024 1791 Ι
1577 1760 1592 1773 ..

259 1791 386 1838 Ediae
403 1792 736 1853 magnitudinis
749 1788 832 1849 est,
866 1806 1064 1855 corpore
1079 1789 1253 1840 hirsuto
1267 1792 1293 1841 ὲ
1309 1793 1412 1844 rufo
1429 1797 1705 1859 nigricante,
1736 1796 1912 1865 septem

290 1851 489 1903 setarum
518 1852 745 1904 fasciculis
766 1869 850 1902 ceu
867 1856 1100 1917 penicillis
1118 1856 1169 1903 in
1190 1858 1322 1905 lineis
1340 1862 1473 1908 rectis
1489 1858 1738 1912 secundum
1754 1866 1912 1931 longi-

85 1918 298 1965 tudinem
332 1916 554 1980 dispositis
588 1920 749 1966 obsito,
813 1919 975 1980 Caput
1006 1934 1199 1980 parvum
1235 1919 1473 1971 hirsutum.
1539 1926 1739 1987 Spinulae
1771 1926 1908 1991 supra

86 1981 222 2042 pedes
248 1981 389 2041 albae,
422 1983 609 2042 reliquae
630 1979 752 2029 rufae.
817 1979 994 2029 Verum
1017 1985 1248 2045 praecipua
1271 1986 1638 2036 characteristica
1669 2005 1782 2039 nota
1815 2009 1906 2055 qua

85 2045 144 2091 ab
162 2045 262 2093 aliis
275 2045 489 2094 omnibus
507 2043 638 2107 hujus
658 2045 844 2107 generis
863 2042 1001 2093 facile
1020 2044 1344 2109 distinguitur,
1370 2048 1433 2097 est
1456 2054 1634 2100 macula
1649 2051 1724 2101 seu
1749 2060 1906 2105 areola

82 2109 187 2156 alba
204 2109 348 2172 longa
362 2109 412 2157 in
435 2107 571 2158 dorso
591 2110 766 2168 medio,
798 2110 993 2158 annulos
1005 2110 1212 2171 quinque
1232 2126 1485 2174 occupans,
1516 2113 1543 2163 a
1565 2118 1716 2177 primo
1731 2122 1903 2180 pedum

83 2171 392 2235 posteriorum
413 2175 513 2236 pari
531 2175 588 2221 ad
611 2174 805 2222 caudam
827 2168 969 2234 usque
986 2172 1186 2222 extensa.
1249 2176 1427 2225 Areola
1457 2176 1611 2227 isthaec
1633 2180 1659 2228 ὲ
1693 2184 1903 2246 quinque

80 2238 208 2285 velut
224 2238 416 2286 maculis
427 2238 805 2301 triangularibus,
840 2252 1037 2298 quarum
1051 2233 1176 2287 bases
1190 2241 1404 2302 caudam,
1434 2244 1628 2292 vertices
1640 2260 1780 2307 caput
1800 2246 1901 2310 spe-

80 2305 226 2362 stant,
257 2304 573 2364 componitur.

145 2367 362 2415 Mutatur
385 2367 436 2414 in
458 2363 736 2429 Chrysalida
753 2362 1024 2427 angulosam
1046 2365 1223 2418 fuscam
1250 2366 1328 2418 seu
1364 2364 1391 2415 ὲ
1426 2366 1528 2418 rufo
1564 2370 1893 2435 nigricantem,

79 2427 214 2478 dorso
228 2449 269 2489 -4
291 2431 364 2477 vel
384 2436 412 2476 6
428 2432 618 2478 maculis
640 2429 787 2476 aureis
809 2431 952 2490 pic‘to.

142 2495 184 2542 E
208 2490 488 2554 Chrysalide
518 2496 616 2542 exit
643 2493 829 2553 Papilio
849 2493 1073 2543 Ulmariae
1102 2497 1389 2558 aliquatenus
1417 2496 1588 2558 similis,
1620 2495 1694 2547 sed
1724 2501 1895 2560 minor,

4 2584 11 2589 -
77 2556 193 2617 rufa,
226 2559 418 2614 maculis
449 2559 594 2619 nigris
623 2557 825 2619 pluribus
860 2558 1002 2619 pieta,
1034 2561 1116 2608 alis
1150 2561 1248 2608 imo
1270 2562 1484 2623 margine
1511 2559 1644 2610 altitis
1679 2565 1825 2612 incifis
1848 2571 1887 2613 δ’

27 2623 29 2625 ’
75 2621 203 2669 velut
225 2622 466 2670 laciniatis.

139 2685 239 2732 Alae
258 2687 509 2734 exteriores
546 2687 689 2734 tribus
725 2684 783 2731 ad
805 2687 1081 2734 exteriorem
1106 2689 1365 2749 marginem
1387 2689 1575 2737 maculis
1613 2690 1756 2752 nigris
1791 2694 1889 2751 pin-

76 2762 266 2810 guntur,
302 2746 494 2799 interius
516 2768 547 2812 4
570 2752 642 2801 vel
669 2767 691 2812 5
718 2745 992 2801 minoribus.
1054 2750 1195 2799 Alam
1215 2768 1455 2815 utramque
1479 2759 1891 2863 extremanilunigzzr

1749 2834 1837 2864 1¹11:
1874 2848 1891 2864 ἢ
