2322 3206
899 45 1153 139 (7¹)

127 159 329 225 spadicei
358 157 588 206 dilutioris
624 152 732 205 sunt
755 154 944 216 coloris,
976 155 1034 202 ad
1056 152 1200 204 instar
1227 151 1405 220 speculi
1430 153 1722 221 splendescit,
1755 161 1802 207 δε
1833 158 1954 209 hino
1980 151 1983 154 ’

126 227 237 274 inde
258 223 519 271 tenerrimis
542 222 649 284 pilis
670 218 820 268 setosis
836 216 1214 284 superspargitur.
1572 222 1578 227 ’

192 306 236 335 2.
269 286 484 334 Formica
506 282 729 333 masculus
744 302 776 346 4
797 286 880 334 alis
901 285 1088 359 pigaedita
1113 285 1328 333 antennis
1365 299 1420 332 ac
1437 283 1651 333 dentibus
1674 283 1814 346 plane
1835 302 1950 335 con-

123 351 256 398 venit
279 366 385 398 cum
409 345 568 396 iisdem
589 349 797 413 partibus
816 350 867 397 in
882 349 1031 412 priori
1046 353 1252 408 Formica,
1285 349 1366 396 nifi
1386 343 1514 411 quod
1537 351 1584 396 in
1608 346 1813 398 masculo
1836 351 1952 398 den-

125 428 192 463 tes
214 417 298 463 fint
316 409 456 476 paulo
468 415 671 462 minores
689 410 836 474 quamv
849 416 899 463 in
911 413 1083 461 caeteris
1101 413 1327 461 Formicis
1344 432 1359 473 ,-
1392 413 1519 476 quod
1537 414 1662 461 idem
1683 410 1953 462 observatur

125 494 313 541 quoque
336 480 386 527 in
404 479 563 540 Apibus
586 474 808 526 masculis.
874 478 1023 526 Oculi
1054 491 1211 526 autem
1241 477 1348 525 heic
1383 477 1436 525 in
1466 476 1641 538 masculo
1663 472 1814 525 multo
1845 473 1951 525 sunt

125 539 350 602 maiores,
382 544 464 604 qui
497 543 638 590 etiam
660 538 880 605 superant
900 542 1227 603 magnitudine
1255 543 1416 588 Oculos
1433 541 1635 603 foemellae.
1703 542 1780 589 Sic
1805 542 1952 589 etiam

125 607 252 655 oculi
272 608 430 669 Apum
447 603 755 654 masculorum
778 602 927 653 multo
944 603 1048 652 sunt
1069 603 1270 666 majores
1295 603 1437 665 quam
1459 606 1509 652 in
1531 599 1721 665 cae'teris,
1752 607 1880 666 quod
1903 610 1951 654 8τ,

123 673 174 718 in
192 671 293 718 aliis
315 668 496 718 inseetis
518 666 731 718 masculis
761 669 902 717 habet
931 669 1101 715 locum.
1172 670 1231 716 In
1260 670 1415 730 capite
1448 669 1535 716 tria
1566 669 1701 717 habet
1727 671 1952 732 punaula

121 732 267 783 instar
287 734 646 797 margaritarum
680 732 806 794 (quae
828 733 972 780 etiam
1001 731 1051 779 in
1070 733 1251 793 Apibus
1271 733 1512 791 videntur)
1546 747 1744 842 qgiarum
1770 748 1862 797 ope
1883 731 1953 781 fa-

123 796 214 846 cile
248 802 293 847 δε
329 799 600 846 notabiliter
622 795 920 858 distinguitur
942 795 971 843 ὲ
994 800 1181 842 Formica
1204 801 1419 855 operaria.
1484 797 1552 844 Di
1593 799 1771 844 erent-ia
1793 811 1950 845 autem

121 860 265 923 longe
282 859 431 923 major
452 859 518 910 est
541 862 667 911 eirca
688 860 946 919 thoracem,
978 859 1059 907 ubi
1077 855 1295 920 junctura
1315 861 1517 922 partium
1537 864 1586 909 δε
1608 857 1833 909 structura
1847 862 1953 925 plu-

123 925 291 975 rimum
315 923 472 974 differt
491 943 503 974 ε
536 939 587 973 ut
605 939 785 973 taceam
798 942 831 986 4
846 925 939 972 alas
952 923 1137 970 thoraci
1154 925 1360 984 adnatas‚
1392 939 1590 986 quarum
1604 925 1780 987 priores
1794 923 1952 987 poste-

120 990 315 1039 rioribus
353 985 502 1052 duplo
531 985 637 1037 sunt
668 985 863 1049 majores
893 984 1217 1049 fortioresque.
1282 988 1521 1035 Structura
1552 989 1755 1050 denique
1776 991 1950 1037 ventris

119 1056 282 1115 aliquo
307 1054 451 1102 modo
484 1053 662 1101 abludit
692 1053 750 1109 ab,
788 1052 871 1100 illa
892 1056 1091 1099 Formicae
1108 1056 1334 1114 operariae·.
1403 1053 1586 1100 Totum
1612 1066 1829 1113 praeterea
1845 1067 1950 1102 corn
2005 1109 2008 1111 Α

120 1117 362 1182 pusculum
384 1117 511 1165 mole
529 1113 673 1177 majus
691 1119 737 1164 8ῑ
754 1116 915 1164 colore
938 1117 1250 1180 nigricantius
1265 1113 1333 1163 est
1347 1114 1489 1177 quam
1513 1117 1649 1163 illius.

181 1181 394 1240 Masculos
417 1176 555 1227 hosce
573 1184 781 1227 Formicas
798 1195 898 1227 non
916 1175 1169 1240 reperimus
1187 1193 1271 1240 per
1284 1180 1479 1239 quodvis
1496 1179 1613 1227 anni
1630 1191 1807 1241 tempus
1822 1178 1946 1227 inter

115 1241 438 1303 Formicas,ita
458 1255 510 1290 ut
521 1258 600 1291 eos
613 1256 821 1304 putemus
835 1240 863 1289 ὲ
875 1240 1083 1289 foemellis
1099 1241 1320 1300 interfici,
1331 1239 1486 1290 sedata
1501 1245 1818 1304 generationis
1831 1258 1949 1291 con-

117 1305 440 1371 ceptionisque
463 1307 705 1369 prurigine
721 1343 737 1366 ,
772 1304 839 1352 uti
868 1306 996 1353 idern
1015 1305 1177 1367 apibus
1197 1303 1412 1354 masculis
1424 1306 1644 1354 'accidere
1664 1302 1950 1355 observatur.

187 1389 226 1436 3.
261 1376 447 1420 Formica
460 1370 635 1435 faemella
653 1385 754 1418 non
776 1365 927 1417 solum
949 1369 1142 1429 Maseulo
1171 1373 1220 1418 δε
1242 1371 1433 1416 Formicd
1451 1370 1658 1436 Operarid
1691 1367 1841 1431 major
1862 1369 1946 1430 est,

116 1435 193 1487 sed
208 1437 348 1485 etiam
362 1431 511 1483 multo
529 1432 742 1481 crassiore
759 1431 1022 1496 corpusculi
1041 1430 1224 1481 textura
1237 1434 1455 1482 luxuriat.
1517 1434 1815 1482 Dexteritate
1835 1431 1953 1495 qua-

117 1504 227 1551 dam
247 1495 513 1547 anatomiczi
534 1496 670 1546 facile
692 1499 908 1558 detegere
938 1494 1172 1560 possumus
1191 1501 1357 1546 harum
1375 1497 1678 1546 formicarum
1701 1516 1800 1548 ova.
1865 1499 1951 1547 Su-

116 1565 267 1629 perbit
279 1568 326 1612 δε
348 1563 444 1612 haec
460 1567 643 1609 Formica
662 1563 806 1610 tribus
824 1561 912 1609 illis
936 1563 1196 1624 margaritis
1214 1577 1327 1624 quas
1348 1564 1399 1611 in
1420 1560 1611 1610 masculi
1633 1563 1787 1623 capite
1801 1563 1949 1611 adno-

115 1630 310 1678 tavimus
333 1645 346 1676 ε
381 1628 505 1675 unde
523 1627 916 1689 quemadmodum
939 1628 1172 1690 particeps
1191 1627 1256 1676 est
1278 1623 1468 1675 ornatus
1483 1624 1552 1675 sui
1570 1627 1745 1687 mariti,
1777 1625 1843 1675 ita
1870 1625 1948 1676 eal-
1983 1657 2002 1672 .

113 1696 220 1743 dem
242 1692 426 1740 ratione
453 1689 590 1739 facile
611 1689 913 1756 distinguitur
951 1689 979 1739 ὲ
1004 1695 1192 1739 Formica
1217 1697 1431 1754 operaria.
1498 1692 1577 1741 Ab
1610 1703 1808 1751 utraque
1831 1690 1946 1743 vero>

115 1756 316 1817 Masculd
337 1759 384 1804 δε
402 1757 606 1819 Operarid
629 1756 727 1803 abit
759 1755 984 1805 structura
1014 1756 1219 1804 thoracis
1240 1757 1467 1817 Foemellae5
1501 1772 1601 1817 quae
1629 1756 1789 1803 colore
1813 1754 1944 1804 fusco

112 1822 297 1884 plenior
314 1819 379 1868 est
409 1837 499 1883 prae
528 1821 612 1874 illo
630 1826 860 1883 operariae,
892 1834 939 1868 at
958 1820 1147 1869 dilatior
1169 1836 1261 1882 prae
1283 1821 1543 1883 nigricanti
1564 1819 1649 1867 illo
1666 1816 1838 1880 masculi
1861 1835 1944 1868 co-

111 1889 226 1934 lore,
291 1886 410 1934 Haec
428 1884 844 1945 Swammerdamius.

559 2011 636 2060 De
664 2010 849 2082 Tipula.
932 1973 1053 2062 The
1078 2008 1499 2079 Water-Spidcr.
1545 2060 1548 2063 .

241 2139 375 2202 lpula
398 2137 465 2187 est
482 2135 709 2188 infestum
730 2153 930 2202 corpore
948 2138 1177 2200 oblongO,
1210 2138 1397 2200 gracili,
1428 2139 1511 2187 alis
1525 2137 1697 2187 duabus
1714 2137 1936 2198 *'volan5,

272 2204 479 2252 cruribus
500 2204 643 2251 etiam
665 2205 835 2265 longis,
867 2205 919 2250 in
940 2217 1069 2264 aquae
1088 2200 1332 2263 superficie
1354 2216 1573 2264 curren53
1606 2216 1667 2251 ex
1690 2202 1807 2252 Eula
1836 2217 1936 2250 ma⁴

106 2265 297 2329 juscula,
332 2267 503 2316 coloris
524 2264 709 2316 sordide
731 2266 940 2326 virentis,
971 2267 1024 2314 in
1056 2280 1177 2314 terra
1203 2265 1394 2314 humida
1415 2280 1495 2314 aut
1511 2265 1702 2329 palustri
1717 2268 1936 2328 degente,

106 2333 225 2381 &in
248 2331 472 2380 aureliam
495 2345 743 2380 cornutam
763 2332 979 2389 abeunte,
1012 2343 1167 2379 ortum
1184 2332 1369 2381 ducem.
1435 2331 1657 2380 Caudam
1674 2333 1932 2380 acutiorem

107 2397 284 2446 habent
301 2395 522 2458 foeminae,
553 2397 830 2447 obtufiorem
851 2409 1014 2444 mares·

305 2519 415 2531 ...-
425 2510 595 2531 ἡ...

154 2585 180 2611 ⁴*
205 2583 377 2636 Mouffeto
393 2589 566 2636 quatuor,
622 2581 718 2625 Alas
733 2581 1004 2626 interiores-D.
1023 2582 1228 2638 Willughhy
1249 2584 1497 2637 Appendices
1524 2586 1593 2642 (u't‘
1609 2587 1770 2641 opinor)
1795 2595 1924 2629 vocat·

1717 2799 1758 2834 1,
1779 2783 1932 2846 tripula
