2322 3206
871 115 899 204 <
952 111 1069 206 εει
1126 116 1153 206 >

97 220 103 230 “
151 225 233 278 De
247 219 503 287 vesparum
521 214 654 300 favis,
683 223 801 285 ovis,
829 227 1124 287 vermiculis,
1156 227 1378 292 nymphis
1410 230 1507 282 haec
1541 232 1680 286 habet
1712 239 1775 290 D.
1798 244 1910 290 Wilo

84 292 248 356 tugbby.
311 287 424 338 Vidi
448 283 620 351 Vespas
634 303 686 337 m
700 290 840 338 cellas
861 291 941 339 ubi
971 292 1189 357 nymphae
1209 307 1331 342 natae
1348 293 1555 358 fuerunt,
1588 304 1742 365 capita
1759 306 1909 358 intru4

81 360 260 417 dentes,
289 356 338 403 δε
371 351 616 418 probabile
643 352 711 403 est
736 355 839 404 illas
861 356 1136 406 alimentum
1155 358 1204 406 in
1226 373 1310 407 ora
1338 362 1655 425 nympharum
1672 377 1907 421 evomere.¹

80 417 208 471 cum
239 419 376 468 nidos
408 431 643 482 purgant,
680 422 729 468 &
755 417 899 482 majus
924 419 1123 484 spatium
1158 423 1239 472 fibi
1263 438 1519 487 excavant,
1561 429 1657 477 vidi
1684 446 1906 485 exeuntes

77 483 295 546 globulos
320 486 369 534 δε
399 480 541 532 frusta
564 494 697 532 terrae
718 485 843 533 inter
860 484 1061 550 forcipes
1094 484 1319 537 tenentes,
1383 491 1530 540 Cellae
1561 492 1818 557 hexagonae
1852 514 1902 548 ut

77 549 254 611 Apum.
316 547 430 597 Favi
451 547 580 596 fimul
598 544 860 610 junguntur
879 549 1157 613 quibusdam
1173 555 1296 615 quast
1318 556 1503 619 paxillis
1526 553 1602 606 seu
1624 558 1782 621 clavis,
1815 578 1905 612 un..

73 612 199 661 ciam
221 612 397 676 longis,
427 613 512 673 qui
533 613 668 662 unius
689 612 786 661 favi
811 618 1034 667 anteriori
1061 618 1201 680 parti,
1229 614 1461 679 sequentis
1484 635 1638 670 autem
1655 623 1904 686 posteriori

71 673 179 728 sunt
197 675 343 737 affixi,
377 678 426 724 δε
455 673 584 726 favos
601 673 668 725 ita
688 673 922 740 separant,
960 693 1012 727 ut
1026 677 1225 744 spatium
1245 684 1575 733 intermedium
1595 689 1902 752 relinquatur,

73 755 158 803 per
173 740 302 802 quod
318 735 558 789 transeunt
573 738 736 802 Vespae
759 741 870 790 dum
900 744 1054 805 pullos
1073 746 1300 794 nutriunt.
1362 749 1483 809 Quae
1500 750 1549 797 in
1570 747 1671 812 ipso
1693 751 1783 801 favi
1802 771 1904 803 me-

72 805 155 853 dio
181 801 289 853 sunt
319 804 446 853 cellae
466 802 613 852 fundo
637 802 736 853 fere
766 809 1172 870 perpendiculares
1197 807 1303 857 sunt
1318 830 1334 870 ,-
1368 813 1466 858 aliae
1487 829 1649 869 omnes
1674 813 1702 863 ὲ
1733 832 1899 867 centro

68 865 225 918 versus
248 864 677 917 circumferentiam
699 869 1015 931 obliquantur.
1079 874 1138 922 In
1163 875 1322 922 medio
1338 876 1418 924 ubi
1439 878 1565 926 cellae
1586 882 1899 942 perpendicu«

67 934 184 982 lares
200 930 307 982 sunt
317 931 447 982 favus
467 929 671 982 anterius
684 934 907 984 nonnihil
929 951 1161 986 concavus
1176 936 1242 986 est
1259 943 1306 988 ὅτ,
1327 939 1577 1002 depressus,
1609 941 1637 990 ὲ.
1652 956 1786 1006 parte
1809 962 1898 1008 po-

65 995 252 1047 steriori
267 1012 502 1048 convexus
523 1000 571 1048 &
592 997 826 1061 assurgens
841 1000 924 1049 ubi
943 1001 994 1050 in
1015 999 1118 1067 ipso
1134 1016 1299 1053 centro
1326 1004 1569 1056 clavorum
1592 1010 1800 1058 maximo
1821 1013 1898 1063 in-

62 1059 156 1111 star
176 1061 314 1112 fulcri
325 1058 656 1113 sustentantur.

30 1152 38 1163 ι
62 1136 66 1162 2
129 1127 243 1187 Ova
270 1127 484 1189 oblonga
513 1128 650 1188 alba,
693 1122 957 1176 muscarum
978 1131 1298 1180 carnariarum
1332 1135 1429 1182 ovi-s
1451 1133 1659 1198 majora:
1701 1138 1896 1188 Haerent

57 1203 220 1241 autem
239 1188 421 1256 semper
434 1191 617 1256 angulis
631 1195 936 1255 &nunquam
955 1194 1174 1243 lateribus
1194 1197 1418 1246 cellarum
1441 1200 1813 1264 hexagonarum,
1843 1206 1895 1253 in

64 1257 276 1318 qualibet
296 1257 422 1304 cella·
436 1257 584 1302 unum
595 1290 612 1316 ,
643 1255 867 1306 rarissime
887 1259 1010 1306 duo:
1049 1272 1099 1306 at
1121 1260 1236 1308 duas
1253 1264 1486 1324 nymphas
1510 1266 1560 1311 in
1588 1267 1754 1314 eadem
1773 1269 1894 1317 cella

62 1334 307 1382 nunquam
328 1319 440 1367 vidi.
503 1320 701 1368 Haerent
721 1336 811 1367 ova
842 1322 1018 1381 angulo
1049 1323 1311 1384 plerunque
1337 1341 1500 1375 centro
1527 1327 1622 1376 favi
1655 1333 1894 1393 proximo,

57 1384 113 1433 in
136 1397 268 1446 parte
283 1379 464 1431 scilicet
479 1383 610 1429 cellae
635 1383 955 1433 incumbentis
965 1384 1157 1446 oblique
1177 1389 1442 1450 eriguntur,
1475 1390 1563 1439 nec
1595 1392 1765 1456 inipso
1787 1397 1896 1445 lon„

57 1448 285 1512 gitudinis
316 1445 443 1495 cellae
469 1445 647 1506 mediO,
671 1442 750 1495 sed
771 1445 918 1495 fundo
935 1450 1159 1510 propiora
1176 1448 1295 1500 sunt.
1358 1453 1463 1502 Ubi
1483 1456 1580 1527 duq
1592 1453 1696 1504 sunt
1720 1474 1809 1506 ova
1839 1461 1893 1509 in

57 1513 223 1562 eadem
236 1510 373 1569 cella,
402 1523 644 1572 nunquam
661 1511 816 1559 eidem
832 1513 1012 1575 angulo
1029 1514 1224 1574 haerent,
1257 1512 1336 1564 sed
1357 1518 1409 1567 in
1421 1520 1585 1567 eadem
1597 1517 1775 1584 semper
1787 1520 1895 1573 sunt

51 1573 88 1626 ’ὲ
98 1575 248 1626 fundo
269 1571 515 1634 distantia,
534 1575 826 1636 &proximis
847 1578 1048 1638 anguliS,
1070 1591 1126 1626 ut
1136 1580 1289 1628 nullus
1305 1584 1501 1645 angulus
1517 1585 1892 1637 fitintermedius

0 1685 5 1691 .
54 1641 184 1690 inter
203 1639 400 1702 angulos
415 1639 579 1701 quibus
598 1653 689 1688 ova
710 1640 974 1702 affiguntur.
1040 1643 1370 1705 Nympharum
1389 1649 1545 1710 capita
1565 1647 1772 1711 primum
1789 1652 1893 1714 pel-

52 1706 214 1755 lucida
231 1708 279 1753 δε
298 1704 498 1753 rotunda
520 1700 625 1751 sunt
645 1722 661 1765 3
693 1719 806 1753 mox
834 1719 918 1753 ora
946 1708 993 1767 βε
1014 1704 1216 1771 forcipes
1243 1712 1467 1760 nonnihil
1484 1709 1778 1763 rubescentes
1798 1711 1892 1764 difi-

55 1785 249 1822 cernere
266 1768 392 1818 licet.
457 1769 692 1824 Omnium
711 1784 795 1817 ora
817 1783 1035 1826 centrum
1050 1769 1146 1819 favi
1171 1770 1444 1838 respiciunt,
1477 1780 1525 1825 δε
1542 1777 1678 1826 dorfis
1698 1779 1751 1827 in
1769 1780 1893 1829 obli-

54 1850 201 1897 quum
234 1837 283 1883 8ε
317 1829 678 1882 descendentem
715 1832 810 1881 favi
843 1835 1072 1896 angulum
1099 1838 1397 1889 recumbunt.
1459 1842 1564 1890 Ora
1589 1839 1771 1905 semper
1790 1842 1890 1893 fere

52 1899 298 1962 aperiunt,
335 1899 383 1946 δε
414 1895 616 1959 forcipes
636 1909 832 1947 movent
860 1911 1086 1962 tanquam
1108 1897 1387 1963 esurientes„
1423 1902 1575 1952 escam
1603 1904 1631 1953 ὲ
1664 1908 1887 1958 matribus

51 1974 279 2026 tanquam
299 1963 455 2019 avium
484 1961 602 2023 pulli
624 1964 938 2022 expetitantes.
1000 1959 1172 2010 Parum
1189 1963 1446 2027 compreffa,
1463 1969 1621 2016 album
1638 1969 1885 2021 humorem

47 2026 300 2091 infipidum
319 2037 558 2074 evomunt.
622 2025 769 2073 Cellae
796 2026 1336 2087 apertae‘relinquuntur
1358 2029 1512 2080 donec
1542 2032 1708 2081 adultae
1732 2047 1883 2086 totam

47 2093 280 2155 impleant
299 2091 565 2149 cavitatem,
599 2101 714 2137 tune
734 2089 843 2137 albo
864 2092 912 2138 δε
931 2091 1063 2139 tenui
1081 2093 1310 2154 operculo
1327 2106 1575 2160 teguntur:
1608 2098 1734 2159 quod
1755 2097 1883 2163 post-

49 2172 193 2220 quam
209 2158 331 2205 intus
352 2151 380 2202 ὲ
400 2154 620 2218 nymphis
635 2155 686 2202 in
708 2151 865 2215 vespas
882 2166 1119 2211 mutantur
1140 2157 1340 2206 erodunt
1355 2161 1403 2208 δε
1416 2161 1619 2209 evolant.
1908 2207 1911 2209 Α

0 2270 13 2281 ,,
111 2222 285 2271 Thecae
306 2220 428 2269 intra
442 2220 632 2277 domum
654 2219 775 2267 trabi
796 2218 943 2267 affixae
957 2221 1173 2268 meminit
1193 2222 1257 2270 D.
1277 2224 1533 2288 Willughby,
1563 2225 1719 2287 figurae
1733 2224 1877 2291 sphae·

49 2286 153 2336 ricae
170 2300 283 2333 cum
303 2298 401 2332 uno
421 2279 604 2333 tantum
635 2281 836 2332 introitu
865 2281 943 2331 seu
972 2282 1204 2334 foramine
1234 2289 1440 2336 rotundo
1467 2290 1642 2338 directe
1675 2293 1721 2339 ei
1753 2294 1877 2354 parti

47 2351 260 2414 oppofito
280 2363 373 2411 qua
389 2348 510 2397 trabi
527 2349 724 2408 adhaesrt,
755 2363 918 2411 parvO,
950 2349 1178 2400 diametro
1200 2352 1280 2400 vix
1304 2349 1592 2415 semunciali,
1625 2371 1708 2419 per
1730 2371 1871 2420 quem

44 2415 285 2464 intrabant
302 2412 555 2462 &exibant
566 2410 740 2476 Vespae.
801 2413 966 2463 Theca
981 2410 1239 2463 substantiae
1254 2429 1353 2465 erat
1367 2420 1539 2481 tenuis,
1567 2434 1749 2484 papyro
1768 2409 1873 2472 noh

50 2480 282 2540 absimilis,
307 2477 478 2528 coloris
496 2474 612 2527 fusci
629 2493 736 2526 cum
764 2478 945 2526 circulis
959 2479 1273 2529 albidioribus.
1336 2483 1506 2532 Totius
1526 2484 1669 2533 thecae
1693 2486 1871 2534 diame-

47 2557 119 2593 ter
139 2544 278 2591 trium
299 2554 399 2591 erat
419 2544 696 2603 unciarum3
728 2541 967 2591 constabat
983 2558 1042 2591 ex
1058 2561 1093 2604 9
1117 2545 1196 2592 fibi
1216 2546 1434 2608 impositis
1451 2548 1668 2610 plaguliS,
1700 2550 1866 2610 quibus

45 2608 262 2657 omnibus
289 2603 484 2654 abscissis
508 2607 631 2655 intus
652 2607 869 2668 apparuit
897 2604 1023 2655 favus
1050 2609 1300 2669 rotundus,
1332 2607 1545 2672 aliusque
1562 2614 1717 2661 minor
1730 2610 1866 2675 supe·

46 2673 159 2732 rior,
190 2671 408 2732 pediculo
425 2671 582 2718 medio
609 2672 778 2733 prioris
798 2671 972 2718 affixus.
1036 2672 1094 2719 In
1118 2673 1246 2720 cellis
1266 2674 1523 2737 hexagonis
1549 2692 1639 2724 ova
1660 2681 1706 2726 ἅτ
1723 2692 1863 2740 nym-

41 2738 148 2798 'phae
167 2749 216 2782 ut
239 2736 288 2782 in
312 2735 671 2798 congeneribus,
702 2735 887 2797 fingulae
913 2735 966 2782 in
987 2734 1183 2798 lingulis.

113 2797 262 2862 Vespa
278 2795 306 2846 ὲ
319 2799 608 2862 praecedente
625 2794 814 2850 differre
827 2800 1102 2915 videttkrng.
1128 2798 1274 2865 Quod
1296 2801 1437 2867 paulo
1454 2801 1616 2867 major.
1650 2822 1694 2855 2.
1710 2799 1859 2878 Qupd

74 2889 75 2894 =
1092 2883 1119 2916 2
1700 2884 1866 2931 parum
