2322 3206
1121 79 1336 169 (1428
1382 77 1447 166 >s

368 281 428 315 α.
457 260 658 313 Pha-hena
690 260 839 319 major,
872 263 1022 314 corpore
1056 249 1196 312 craffi),
1227 251 1307 298 ahs
1331 268 1402 297 am
1429 249 1501 310 lis,
1535 253 1792 300 interioribus
1827 255 1994 304 macula
2021 256 2224 322 ophthalh*

651 324 780 372 moia'e
805 317 1040 382 gfgsign-ibus.
1105 320 1231 364 Sexta
1254 315 1379 365 Mou
1418 315 1502 377 eti,
1534 315 1785 366 Goedartii
1808 332 1930 381 24ta.

533 443 934 508 Ntennaecraffae,
963 446 1138 507 breveS‚
1167 441 1409 508 superiore
1428 441 1505 494 seu
1527 443 1788 508 posteriore
1820 447 1967 496 latere
1995 447 2215 499 albicant.

569 519 729 577 Caput
758 511 893 574 supra
919 525 1149 561 antennas
1169 513 1215 558 δε
1237 506 1433 571 scapulae
1447 546 1463 571 ,
1497 511 1709 572 dorfique
1739 513 1882 560 latera
1903 513 1960 560 ad
1983 512 2218 562 abdomen

391 584 606 632 cinerea:
639 579 860 629 Medium
881 572 1068 625 dorsum
1089 571 1169 624 seu
1189 576 1358 622 thorax
1377 571 1564 637 supinus
1579 572 1616 622 ὲ·
1632 577 1790 640 capite
1806 576 1865 623 ad
1893 576 2125 624 abdomen
2145 578 2220 624 ni·-

391 646 554 725 gricat.
616 643 870 693 Abdomen
887 637 1114 700 crassum,
1146 635 1311 702 supina
1326 637 1448 688 facie
1468 639 1733 700 cinereum,
1767 640 1904 689 lineis
1930 637 2186 693 transversis
2202 677 2220 701 ,

394 727 421 760 e
452 707 581 757 fiulvo
611 704 795 756 sordide
820 705 959 754 luteis
993 702 1287 763 distinctum,
1320 703 1375 752 in·
1395 705 1590 753 caudam
1613 717 1799 752 acutam
1832 704 1962 752 brevi
1992 718 2224 753 tenuatur.

394 774 497 826 Alae
526 773 716 835 amplae,
750 770 1004 821 exteriores
1023 767 1051 817 ὲ
1082 764 1208 816 fusco
1234 767 1458 828 albicant,
1489 768 1643 817 nervis
1664 765 1848 818 sordide
1867 767 2003 816 fulvis
2022 769 2225 828 lineam,

397 839 457 886 ab
487 851 654 886 exortu
685 830 990 898 aliquoufque
1011 832 1225 881 duffibus
1244 828 1518 881 transvervis
1543 833 1776 882 undulatis
1807 829 1991 881 sordide
2015 831 2150 882 fulvis
2178 837 2226 881 &2

397 918 457 951 ex
480 902 589 950 albo
615 899 762 949 diiute
791 898 1061 949 rubentibus
1081 897 1236 958 variae,
1266 898 1448 946 macula
1475 897 1605 959 pulla
1625 912 1705 946 aut
1739 896 2005 959 nigricante
2034 897 2098 945 ad
2129 912 2228 945 me-

397 967 526 1016 diam
541 978 722 1030 partem
747 962 976 1027 'marginis
988 961 1223 1011 interioris
1240 974 1426 1011 notatae.
1489 962 1594 1012 Alae
1613 962 1859 1011 interiores
1891 962 1949 1010 ab
1976 975 2143 1011 exortu
2167 961 2227 1009 ad

399 1032 608 1080 medium
639 1030 911 1092 marginem
940 1027 1218 1077 interiorem
1262 1025 1430 1074 rubent
1457 1045 1476 1086 3
1519 1026 1771 1076 exteriores
1804 1026 1967 1089 anguli
2008 1026 2230 1074 albicant.

402 1091 582 1145 Verum
607 1092 839 1157 praecipue
857 1086 1225 1142 notabiles-sunt
1245 1090 1436 1138 maculae
1458 1089 1710 1154 fingulares
1733 1091 1894 1139 oculos
1915 1089 2233 1138 imitantes-ad

402 1161 631 1223 angulum
651 1159 731 1206 alae
749 1157 1046 1216 interiorem,
1076 1153 1105 1204 ὲ
1118 1154 1302 1218 duplici
1325 1154 1525 1216 circu10,
1557 1155 1793 1204 exteriore
1810 1155 1970 1217 nigro,
2007 1154 2233 1203 interiore

397 1225 608 1273 coeruleo
629 1237 737 1271 cum
757 1221 937 1287 pupilla
958 1220 1114 1282 ampla
1129 1219 1268 1282 nigra
1281 1219 1508 1267 in-medio
1531 1219 1808 1282 compositae.
2173 1246 2177 1250 -

469 1290 534 1339 D.
554 1287 766 1337 Tilleman
789 1287 943 1334 Bobart
960 1283 1164 1334 Oxonio
1192 1283 1250 1331 ad
1272 1297 1349 1330 me
1369 1278 1613 1332 transmifit
1641 1285 1766 1336 inter
1788 1283 1901 1332 alias
1923 1282 2121 1332 rariores
2142 1279 2169 1330 ὲ
2187 1278 2235 1330 se

403 1354 621 1406 collectas
640 1355 686 1400 δε
709 1349 890 1400 curiose
904 1350 957 1398 in
979 1348 1157 1412 pyxide
1177 1344 1434 1396 asservatas.
1499 1349 1679 1397 Eadem
1695 1348 1817 1396 mihi
1833 1346 1993 1411 postea
2013 1347 2190 1411 prodiit
2207 1344 2236 1395 ὲ

400 1413 705 1482 Chrysalide,
735 1416 787 1463 in
807 1429 947 1477 quam
969 1425 1149 1461 mutata
1169 1409 1253 1470 est,
1274 1416 1415 1458 Eruca
1435 1415 1629 1460 maxima
1651 1412 1710 1458 ele
1738 1431 1834 1472 ans,
1855 1413 2236 1475 Ligustrinaefimi-

408 1485 481 1544 lis,
514 1480 648 1529 cauda*
671 1482 842 1528 cornuta*
869 1477 1005 1529 nobis
1027 1476 1184 1536 dieta3
1218 1474 1400 1525 Glabra
1417 1476 1553 1527 tertia
1577 1429 1752 1529 Moufi‘.
1774 1480 1879 1524 182.
1906 1491 2057 1539 quarn
2074 1476 2133 1526 fic
2157 1476 2238 1525 de-

405 1545 677 1609 scripsimus.
1381 1559 1395 1564 s

471 1611 551 1662 Ad
573 1608 712 1673 digiti
737 1607 924 1658 minimi
957 1609 1334 1671 magnitudinem
1368 1605 1579 1666 accedit,
1623 1602 1874 1669 praesertim
1903 1601 2013 1654 cum
2043 1599 2091 1653 se
2122 1618 2239 1653 con-

407 1676 571 1735 trahit,
600 1674 764 1723 uncias
786 1691 814 1721 2
826 1706 851 1712 —
871 1673 1025 1734 longa*
1041 1669 1150 1723 cum
1167 1689 1334 1737 corpus
1349 1671 1650 1720 mediocriter
1669 1671 1895 1719 extendit.
1951 1669 2090 1719 Cutis
2109 1665 2240 1731 aspe-

405 1740 619 1790 ritatibus
641 1736 932 1786 creberrimis
953 1737 1160 1797 undique
1181 1735 1342 1786 scabra
1365 1734 1450 1796 est,
1482 1735 1703 1783 caniculae
1724 1731 1861 1798 piscis
1884 1732 1979 1784 fere
2001 1734 2058 1781 ad
2080 1732 2240 1781 instar.-

408 1805 578 1853 Color
594 1799 743 1850 dilute
770 1800 1024 1849 admodum
1048 1802 1227 1861 viridis,
1256 1801 1394 1849 lineis
1415 1797 1443 1848 ὲ
1468 1795 1604 1846 dorso
1625 1800 1782 1846 medio
1804 1799 1863 1845 ad
1885 1799 2024 1859 pedes
2049 1794 2242 1859 oblique

410 1863 671 1917 antrorsum
694 1865 898 1914 deduffis
918 1862 1092 1926 pallide
1121 1864 1484 1928 purpurantibus
1496 1898 1512 1922 ,
1545 1859 1723 1924 septem
1743 1863 1794 1909 in
1816 1863 2038 1909 utrolibet
2066 1862 2211 1909 latere
2223 1880 2240 1921 3

411 1936 459 1982 δι
477 1930 505 1979 ὲ
521 1931 674 1995 prima
702 1930 761 1977 ad
782 1926 1011 1977 summum
1035 1943 1175 1990 caput
1189 1928 1431 1976 hincinde
1452 1927 1597 1974 altera
1617 1927 1891 1990 variegatus.
1956 1926 2117 1987 Caput
2136 1939 2244 1987 par·
2281 1924 2286 1928 '

409 2011 540 2057 vum,
572 1994 759 2055 viride3
800 1991 944 2041 facies
964 1992 1218 2054 triangula,
1255 1992 1431 2054 angulo
1460 1992 1513 2038 in
1536 1985 1748 2051 suprema
1767 2003 1899 2052 parte
1921 2002 2082 2048 acuto,
2117 1989 2244 2036 linea

410 2063 537 2111 lutea
557 2059 727 2108 cineta.
790 2058 837 2108 A
863 2058 1041 2120 Capite
1058 2058 1117 2104 ad
1132 2054 1627 2116 interstitiumpedum
1656 2056 1917 2117 primorum
1941 2056 1995 2101 δε
2016 2051 2247 2114 posterio-

413 2141 518 2175 rum
542 2121 704 2173 senfim
728 2118 971 2170 crassescit.
1032 2120 1180 2184 Supra
1201 2121 1399 2169 caudam
1432 2132 1647 2168 extremo
1684 2115 1825 2167 dorso
1858 2114 2115 2167 innascitur
2135 2131 2247 2165 acu·

415 2192 516 2239 leus
546 2204 633 2239 ceu
649 2202 799 2236 cornu
818 2179 1120 2234 coerulescens
1135 2183 1164 2233 ὲ
1190 2198 1414 2248 purpura,
1443 2178 1694 2232 retrorsum
1719 2185 2002 2234 incurvatus.
2067 2182 2147 2230 Ad
2171 2182 2246 2229 in·
2268 2203 2275 2206 ·

416 2254 575 2303 finiam
603 2264 785 2315 partem
805 2244 1163 2312 uniuscujusque
1184 2250 1320 2298 lineae
1346 2242 1610 2297 transversae
1639 2250 1865 2310 punctum
1899 2243 2082 2308 adjacet
2110 2245 2248 2295 rube-

415 2315 563 2367 scens.
616 2317 761 2365 Pedes
781 2315 1037 2364 anteriores
1055 2315 1207 2377 parvi,
1239 2313 1420 2372 breves,
1449 2313 1679 2360 rubentes.

474 2381 594 2442 Julii
606 2397 679 2441 17.
704 2380 754 2427 in
771 2379 987 2442 pomario
1007 2376 1167 2427 nostro
1187 2378 1352 2427 inveni
1369 2377 1498 2426 Mali
1516 2376 1693 2424 arboris
1708 2373 1830 2423 foliis
1849 2372 2125 2424 vescentem.
2175 2374 2246 2423 At

335 2466 343 2472 ·
421 2460 522 2497 non
550 2444 677 2494 Mali
708 2440 917 2504 tantum,
947 2439 1026 2491 sed
1061 2447 1108 2492 δε
1134 2442 1294 2492 Salicis
1315 2440 1681 2505 foliisnutritur,
1713 2436 1986 2489 observante
2007 2438 2244 2500 Goedantio,

417 2512 564 2561 Num.
582 2525 659 2569 24.

487 2573 639 2622 Lubet
659 2568 741 2619 hic
762 2571 1023 2634 pleniorem
1049 2566 1413 2636 descriptionem
1434 2566 1637 2632 adiicere
1673 2567 1730 2617 ad
1762 2566 1999 2621 Phalaenas
2029 2567 2165 2618 nobis
2184 2581 2245 2618 ex

422 2637 626 2691 Aureliis
643 2649 861 2689 exeuntes
877 2635 1170 2701 elaboratam.

2061 2840 2103 2886 3.
2135 2823 2247 2885 Pha}
