2322 3206
1143 24 1198 116 ²(
1251 23 1456 116 358‘)
1519 104 1531 110 ,

351 168 357 174 »
380 140 593 203 parentess
658 141 821 204 Caput
840 132 869 187 ὲ
887 135 1072 196 reliquo
1090 147 1293 194 corpore
1320 127 1485 179 colore
1510 141 1611 177 non
1626 125 1826 179 multum
1844 122 2036 197 differe}
2066 132 2128 184 ad
2152 119 2223 196 12ss

384 205 482 257 tera
509 208 736 257 duntaxat
754 207 848 254 duo
868 203 1046 265 puriora
1062 199 1191 246 velut
1215 196 1378 246 oeulos
1392 192 1535 241 habet
1556 191 1583 241 ὲ
1602 197 1743 247 rubro
1758 194 2057 259 nigricantia.
2120 200 2224 255 [ζα-τ

288 291 293 294 ·
383 271 440 322 sa>
458 268 761 324 Damascenae
784 267 898 316 folia
915 259 1193 326 depascitur.
1252 260 1366 321 jun.
1391 275 1463 307 12.
1490 262 1629 318 1692.

581 426 659 470 47.
692 410 833 452 Erum
853 406 1007 463 missor,
1039 402 1274 465 nigricans,
1291 395 1463 463 glabra,
1495 395 1607 444 nulla
1624 392 1799 443 colorum
1812 392 2070 459 diversitate.

329 569 340 575 .,
512 524 751 578 Omestica
775 526 840 575 est
861 539 1068 588 praecmc,
1100 536 1154 573 ut
1169 539 1269 587 quae
1285 519 1444 585 Aprili
1462 529 1665 569 exeunte
1684 532 1796 570 vere
1818 516 2072 569 admodum
2091 518 2229 588 frigi-2

384 529 509 653 D
542 593 606 640 do
624 586 820 640 invenia
841 590 1000 638 adulta
1021 602 1138 651 erat,
1169 593 1216 639 &
1239 585 1602 650 metamorpbofi
1617 596 1815 633 matura.
1877 581 2057 635 Telase
2071 586 2227 641 invol-

385 661 472 716 vit,
504 661 551 704 δε
583 657 635 704 in
660 657 902 705 Aureliam
927 656 1201 717 oblongam,
1236 653 1480 716 gracilem,
1511 647 1776 713 spadiceam
1803 660 1984 701 mutata
2001 648 2072 701 ¹est
2098 653 2226 705 circa

385 723 564 783 Aprilis
588 723 749 769 menfis
765 724 889 770 diem
907 736 1060 781 13um.
1126 720 1328 769 Corium
1347 729 1654 779 praeparatum
1672 709 1956 779 depascitur,
1984 723 2036 767 ut
2053 716 2227 770 damno

386 784 548 835 nostro
569 786 756 848 experti
775 783 926 834 sumus
947 786 999 831 in
1020 785 1248 832 librorum
1269 781 1567 848 quogundam
1582 776 1880 844 tegumentis.

451 850 722 900 Phalaenam
743 850 969 913 majorem
989 847 1294 898 domesticam
1315 846 1549 910 producit.

522 982 604 1041 48.
636 985 779 1027 Eruca
798 977 1010 1042 Lupulum
1027 974 1236 1040 depascens
1253 975 1435 1035 viridis,
1466 972 1585 1022 lineis
1601 973 1707 1022 albas
1727 973 1895 1038 pulchre
1911 972 2086 1034 striata.'

384 1078 385 1081 =
446 1044 737 1107 Transbribed.
913 1082 917 1087 .
1779 1052 1783 1057 '
1893 1074 1912 1101 3
1997 1047 2000 1049 ’
2190 1070 2194 1071 ⁷

498 1110 614 1158 Inea
628 1109 738 1157 alba'
752 1108 803 1155 in
828 1120 1032 1170 utroque
1050 1106 1199 1155 latere
1219 1101 1357 1167 supra
1379 1103 1520 1167 pedes
1536 1100 1564 1150 ὲ
1576 1102 1741 1166 capite
1763 1103 1821 1150 ad
1839 1103 2044 1154 caudam
2063 1119 2229 1161 exten-

532 1175 656 1223 ditur
678 1193 692 1234 3
723 1170 861 1234 supra
880 1187 993 1235 quas
1010 1172 1062 1219 in
1085 1173 1279 1220 thorace
1294 1167 1372 1217 seu
1384 1165 1522 1217 dorso
1535 1165 1718 1227 summo
1746 1168 1846 1216 aliae
1867 1168 1967 1219 duae
1984 1174 2232 1234 parallelae.

387 1239 550 1303 Caput
566 1253 762 1303 parv-um
784 1255 796 1286 ε
830 1238 1015 1286 lineolae
1043 1237 1243 1299 obliquae
1281 1234 1452 1283 virides
1482 1231 1672 1283 dorsum
1693 1233 1900 1296 pingunt
1928 1235 1981 1284 in
2002 1240 2232 1301 angulum

384 1316 737 1364 concurrenteS,
765 1302 952 1353 Vertice
985 1302 1186 1350 caudam
1221 1296 1513 1362 respiciente.
1579 1295 1746 1349 Versus
1782 1310 1927 1362 eaput
1951 1301 2232 1363 gracilescit.

386 1370 551 1430 Caput
569 1382 724 1417 autem
741 1384 828 1431 pro
842 1367 1117 1416 animalculi
1135 1365 1463 1428 magnitudine
1485 1363 1738 1412 minimum
1754 1376 1869 1411 erat.

451 1433 494 1482 E
508 1432 681 1481 duabus
700 1447 814 1495 quas
828 1433 988 1479 nactus
1005 1427 1106 1479 sum
1123 1444 1288 1479 neutra
1305 1428 1705 1492 metamorphosin
1722 1428 1982 1479 naturalem
1999 1428 2125 1493 paffa
2146 1431 2233 1497 est,

384 1493 464 1545 sed
474 1497 643 1560 ingens
656 1512 857 1546 examen
878 1499 1266 1556 vermiculorum,
1295 1495 1381 1557 qui
1396 1494 1540 1543 telam
1560 1494 1716 1543 albam
1737 1490 1981 1554 globosam
2003 1510 2233 1561 texentes,

387 1557 491 1624 post
523 1563 705 1624 aliquot
731 1558 1012 1623 septimanas
1042 1558 1292 1623 vesparum
1319 1558 1692 1610 ichneumonum
1728 1558 2036 1625 minimorum
2076 1559 2234 1615 forma.
2302 1619 2304 1624 .

386 1626 680 1689 prodierunt.
745 1626 909 1675 Primo
926 1640 1035 1674 vere
1051 1626 1300 1687 reperitur.

457 1692 606 1740 Anno
622 1694 760 1751 1696.
792 1686 926 1753 hujus
945 1691 1132 1752 generis
1144 1691 1349 1739 Erucam
1371 1689 1493 1738 mihi
1515 1688 1689 1739 obtulit
1707 1689 1777 1746 Jo.
1799 1686 1977 1753 Kelhog,
2008 1690 2137 1743 Maii
2156 1710 2233 1757 27.

386 1755 439 1803 in
463 1755 733 1819 lysimachia
756 1752 970 1817 filiquosa
990 1751 1166 1803 hirsuta
1186 1750 1366 1815 majore
1387 1756 1648 1805 inventam.
1870 1786 1874 1790 -

388 1901 470 1947 49,
500 1889 641 1933 Erum
679 1881 912 1945 majuftula
940 1882 1142 1943 terrestris
1170 1881 1344 1946 glabra,
1376 1880 1502 1928 colore
1522 1898 1682 1943 carneo,
1705 1883 1759 1929 in
1795 1880 1994 1931 lateribus
2028 1879 2087 1935 όν
2119 1884 2232 1950 dorfh

995 1945 1117 1997 lineis
1139 1945 1445 2011 nigricantibus
1466 1950 1614 1995 varia.

503 2077 677 2126 Ineolae
701 2077 754 2126 in
780 2075 1001 2126 lateribus
1030 2075 1170 2141 supra
1190 2079 1331 2144 pedes
1351 2078 1403 2126 in
1426 2076 1613 2141 singulis
1643 2076 1831 2127 annulis
1856 2078 2003 2127 lineas
2033 2082 2180 2129 recstas
2202 2077 2230 2132 ὲ

537 2143 694 2204 capite
717 2143 774 2189 ad
798 2142 993 2190 caudam
1014 2144 1257 2192 tendentes
1279 2142 1505 2192 efficiunt
1572 2141 1783 2191 Lineolae
1814 2142 1865 2191 in
1897 2140 2034 2192 dorso
2066 2146 2124 2193 ad
2156 2142 2234 2194 ra-
2296 2152 2299 2154 ’

390 2207 505 2254 chin
545 2207 659 2256 hinc
694 2204 804 2255 inde
838 2206 1038 2270 obliquae
1068 2203 1188 2256 sunt.
1252 2208 1382 2258 Maii
1405 2226 1480 2258 21.
1511 2207 1565 2256 in
1586 2207 1834 2258 Aureliam
1868 2209 2011 2269 abiit,
2045 2225 2145 2271 quae
2178 2211 2230 2260 in

389 2270 658 2321 Phalaenam
680 2286 753 2331 32.
789 2272 883 2318 An.
899 2284 1023 2336 4-93.
1045 2285 1222 2321 mutata
1238 2271 1318 2322 est.
2183 2304 2187 2307 ·

451 2334 596 2384 Hanc
618 2334 765 2398 ipsam
792 2337 997 2386 Erucam
1016 2337 1110 2386 An.
1130 2342 1268 2398 1670.
1306 2339 1360 2386 in
1392 2353 1508 2402 agro
1524 2335 1827 2387 Warwicenfi
1857 2337 1936 2395 (ni
1952 2335 2114 2398 fallor)
2149 2340 2230 2389 de·-

384 2394 537 2461 seripfi
563 2401 630 2449 his
651 2400 816 2449 verbiS.
887 2403 1110 2464 Corpore
1128 2416 1226 2450 erat
1244 2402 1497 2465 habitiore,
1530 2401 1692 2451 mediae
1724 2403 2092 2466 magnitudini5,'
2113 2420 2227 2455 ven·
2314 2441 2316 2443 -

385 2475 456 2510 tre
478 2460 703 2513 sordidius
724 2465 930 2528 virente,
963 2463 1101 2514 dorso
1128 2463 1314 2516 obscuri
1351 2468 1553 2528 coloris»,
1589 2466 1730 2528 quod·
1749 2469 1956 2517 medium
1989 2468 2116 2518 linea
2142 2471 2229 2518 ob·
2302 2466 2303 2469 '

387 2515 519 2575 seur&
551 2530 708 2577 viridis
723 2531 1053 2591 percurrebat:
1089 2531 1146 2580 ad
1167 2546 1307 2594 quam
1330 2533 1551 2595 utrinque
1581 2532 1863 2581 lineolarum
1887 2529 2225 2594 nigricantium

387 2590 707 2666 incurvarum,
738 2595 1021 2658 singularum
1051 2596 1103 2644 in
1133 2596 1320 2659 singulis
1351 2598 1534 2646 annulis
1556 2596 1694 2656 orde,
1725 2612 1835 2646 cum
1861 2597 2088 2659 contigua
2118 2599 2224 2646 uni·

385 2669 558 2718 cu1que
577 2659 712 2706 alba:
749 2655 942 2708 inferius
959 2660 1103 2709 etiam
1122 2660 1174 2713 in
1192 2674 1394 2725 utroque
1416 2662 1560 2717 latere
1577 2661 1866 2713 macularum
1887 2663 2225 2725 nigricantium

366 2714 528 2771 series⁴
599 2723 640 2773 E
663 2737 787 2774 terra
813 2720 1137 2775 effodiebatur.
1261 2732 1273 2745 ·

1978 2805 2051 2852 523
2085 2796 2222 2838 Eruca
