2322 3206
104 231 249 286 thecae
267 233 432 284 leviter
454 235 503 283 δε
538 227 706 282 crebro
726 227 962 282 sulcantur
978 267 995 292 ,
1026 229 1151 280 tibiae
1171 243 1334 280 omnes
1355 233 1566 283 omnium
1587 238 1759 297 pedum
1780 237 1932 288 denti-

107 301 243 411 ¹c-ulis,
283 295 412 347 serrae
432 296 596 359 instar,
631 293 979 359 exasperantur,
1013 293 1173 346 crustis
1191 292 1498 358 subjiciuntur
1519 299 1599 347 alae
1616 304 1779 364 amplae
1795 305 1933 352 flave-

129 375 299 412 centeS.
939 410 954 413 Ἃ

142 486 145 488 ,
171 427 218 477 Α
238 426 464 476 Calendis
485 425 674 475 Martiis
694 424 745 472 hi
765 426 816 474 in
831 425 1028 474 Ericetis
1049 423 1216 474 nostris
1237 428 1284 473 Sc
1318 425 1432 473 alibi
1451 423 1556 474 satis
1576 424 1842 488 frequenter
1861 446 1933 478 re-
1948 436 2056 474 Locus.

106 491 348 554 periuntur
361 514 376 552 ‚-
414 506 589 553 magno
603 488 794 550 strepitu
816 489 1176 549 circumvolant,
1211 488 1443 552 praecipue
1458 488 1648 552 vesperi.
1714 491 1834 540 Vide
1857 494 1933 541 ni-

108 555 158 603 di
178 551 273 615 ejus
290 557 478 603 iconem
498 554 621 616 apud
639 553 912 601 Aldrovand.
930 553 977 599 de
995 551 1137 612 Infizc'ff.
1170 554 1198 601 l.
1214 571 1259 615 4.
1282 570 1326 615 p.
1338 559 1448 615 460.
1471 555 1557 603 Ed.
1580 555 1765 602 Bonon.

173 619 407 666 Pediculis
427 615 635 665 subflavis
669 615 698 666 ὲ
725 617 878 679 primo
909 632 1017 666 vere
1037 615 1324 666 infestantur.
1390 619 1437 668 A
1461 618 1684 666 Calendis
1703 619 1849 678 Maiis
1871 636 1929 670 ex

107 682 162 729 iis
181 681 405 743 plurimos
426 697 510 743 per
528 682 716 729 Ericeta
737 694 944 740 mortuos
965 673 1220 742 aliquando
1232 681 1392 731 inveni
1414 701 1425 730 ε
1458 683 1508 730 in
1531 681 1759 743 aliquibus
1773 697 1928 734 autem

105 745 238 793 exiis
261 745 440 794 divulsis
469 746 566 792 vidi
588 745 908 794 Vermiculum
931 742 1035 792 satis
1062 759 1314 805 magnum,
1346 743 1490 807 iisque
1519 747 1735 805 ssmilem‚
1769 748 1850 807 qui
1876 749 1927 797 in

104 823 245 857 carne
270 810 455 870 putrida
476 805 619 856 ineffe
641 805 804 857 solent.
870 809 1000 856 Huic
1022 808 1252 870 praecipue
1275 810 1620 857 Scarabaeorum
1643 811 1807 871 generi
1823 813 1930 861 An-

103 873 226 934 tiqui
251 870 496 922 foeminam
513 869 662 920 deeffe
684 873 979 921 crediderunt
992 891 1008 933 ,-
1042 885 1184 932 atque
1210 873 1327 920 adeo
1361 870 1519 921 neseio
1543 889 1640 935 quae
1665 872 1930 924 fabulantur

105 936 165 984 de
187 934 391 986 stercore
423 937 601 986 bovino
638 937 689 984 in
713 935 808 998 ejus
835 932 1044 983 sobolem
1074 932 1262 985 subacto
1294 940 1339 985 &
1373 937 1642 1000 vivifieat03
1676 950 1722 985 at
1753 938 1822 985 hae
1843 955 1930 987 nu-

109 1015 179 1063 gae
190 996 318 1055 sunt.

866 1062 1054 1111 Titulus
1117 1063 1176 1114 V.

104 1127 347 1176 Scarabaem
368 1123 618 1189 majufhulm
641 1124 963 1251 uigens-duabu}
981 1127 1099 1174 luteis·
1123 1126 1276 1240 {ascitis
1299 1127 1466 1175 undatz‘s
1499 1125 1767 1192 transvetfim
1799 1129 1930 1177 duem

794 1204 893 1252 upra
916 1210 940 1237 a
961 1210 1081 1253 agrum
1104 1204 1120 1238 t
1151 1211 1251 1241 eoas.

175 1321 204 1370 S
236 1332 391 1369 autem
412 1320 464 1368 in
491 1315 742 1381 majoribus
762 1320 1070 1368 numerandus
1091 1319 1170 1368 est.
1235 1322 1296 1370 Ei
1328 1320 1461 1368 color
1483 1322 1638 1382 niger,
1670 1322 1721 1369 in
1735 1322 1931 1382 pectore
1948 1328 2149 1382 Descriptio.

106 1435 116 1441 ,
206 1384 292 1445 pili
314 1385 463 1433 aurati
480 1384 670 1444 quidam
687 1383 777 1430 five
799 1383 976 1446 lanugo
999 1405 1015 1443 3
1048 1385 1098 1432 in
1119 1385 1284 1432 mediis
1298 1385 1485 1434 ..alarum
1504 1385 1650 1432 thecis
1670 1386 1767 1431 duae
1783 1381 1930 1430 fasciae

103 1447 256 1507 luteae,
286 1447 485 1506 undatae3
516 1442 803 1494 transversim
825 1445 1047 1495 feruntur.
1114 1448 1373 1496 Cornicula
1391 1445 1643 1507 rufescunt‚
1677 1461 1825 1508 eaque
1851 1462 1931 1494 ex-

105 1524 254 1560 trema
275 1511 327 1558 in
347 1511 497 1572 plures
517 1511 711 1558 laminas
733 1510 1026 1559 diducuntur.
1087 1511 1290 1560 Humeri
1310 1509 1615 1571 scutiformes,
1645 1511 1812 1558 leviter
1827 1511 1932 1573 gib-

104 1576 188 1635 bi3
220 1573 500 1637 praecipuea
520 1576 673 1637 capite
695 1572 967 1635 quibusdam
989 1577 1242 1624 verruculis
1262 1576 1480 1624 caelantur
1493 1595 1509 1637 3
1543 1571 1758 1623 caeterum
1778 1589 1932 1635 aequa-

106 1641 171 1687 les
188 1634 325 1699 sunt3
357 1641 524 1687 'eorum
542 1654 634 1686 orae
651 1639 816 1685 leviter
832 1640 1013 1687 circum
1036 1637 1370 1701 resupinantur.
1423 1639 1618 1687 Summae
1633 1639 1810 1685 alarum
1825 1639 1930 1686 the-

108 1719 171 1751 cae
193 1703 245 1750 in
258 1703 497 1750 tubercula
515 1699 753 1765 paululum
766 1703 1005 1760 eminent3
1039 1700 1144 1750 raro
1159 1708 1204 1751 &
1222 1703 1386 1751 leviter
1402 1704 1545 1766 virgis
1565 1701 1827 1762 sulcantur3
1860 1702 1928 1748 al·-

105 1781 216 1814 vum
238 1781 298 1814 ex
318 1778 422 1814 toto
453 1765 578 1813 haud
600 1778 886 1827 contegunt,
917 1762 995 1814 sed
1017 1769 1138 1827 quafi
1156 1764 1348 1829 praecisae
1362 1762 1479 1815 sunt.
1541 1764 1648 1828 Ipsa
1675 1766 1800 1813 alvus
1821 1781 1929 1827 pro-

104 1827 233 1880 tensa
254 1831 311 1878 in
322 1842 511 1878 acutum
534 1830 708 1879 definit.
769 1831 817 1876 T
819 1829 942 1876 hecae
957 1826 1265 1891 subjiciuntur
1285 1831 1374 1877 alae
1385 1831 1549 1892 amplae
1563 1825 1867 1878 flavescentes,

168 1896 244 1943 Ex
266 1894 335 1941 his
351 1895 557 1955 aliquam
576 1894 745 1940 multos
766 1893 863 1940 vidi
881 1907 940 1939 ex
962 1905 1065 1941 toto
1088 1895 1373 1955 nigricantes
1390 1894 1483 1942 fine
1495 1895 1599 1941 ullis
1620 1889 1783 1941 fasciis.

172 1957 387 2005 Interdiu
403 1957 594 2014 volant,
629 1969 676 2003 at
696 1956 845 2002 rarior
871 1954 1078 2003 bestiola.
1142 1958 1329 2005 Gaudet
1347 1954 1549 2006 stercore
1567 1960 1800 2018 humane,
1833 1970 1929 2017 quo
1944 1955 2064 1993 Locus.

106 2018 230 2070 forte
245 2016 445 2069 vescitur
467 2036 478 2067 :
512 2034 622 2066 nam
642 2033 701 2067 ex
722 2018 806 2066 illo
824 2017 921 2067 fere
941 2015 1122 2080 semper
1137 2020 1259 2076 male
1280 2020 1388 2067 olet.

850 2130 1035 2204 ‘firmus
1099 2155 1182 2204 VI.

514 2212 754 2267 Scarabaens
776 2217 954 2279 virida,
986 2219 1152 2266 alarum
1176 2219 1298 2266 thecis
1320 2223 1522 2267 miniatis.

110 2341 204 2450 IS
244 2339 567 2403 magnitudine
598 2336 751 2387 fabam
774 2341 994 2401 equinam
1024 2340 1200 2402 implet.
1263 2342 1323 2389 Ei
1353 2340 1504 2404 figura
1529 2338 1780 2388 admodum
1798 2351 1928 2386 com-
1943 2342 2138 2396 Descriptio.

111 2445 116 2448 .
192 2406 374 2468 patitilis
403 2408 449 2452 δε
470 2404 676 2466 gibbera.
744 2404 905 2466 Caput
929 2419 1121 2466 parvum
1144 2427 1160 2467 ,-
1195 2406 1436 2454 cornicula
1461 2418 1672 2453 extrema
1689 2403 1924 2451 laminata.

1 2530 3 2532 ,
73 2493 90 2510 ι
109 2470 311 2518 Humeri
328 2465 577 2526 latiusculi,
608 2468 733 2528 iique
749 2480 800 2514 ut
820 2469 1053 2530 reliquum
1078 2483 1260 2532 corpuS,
1279 2468 1462 2517 intense
1477 2465 1734 2528 virescunt3
1766 2481 1813 2514 at
1831 2467 1925 2514 ala-

109 2549 211 2582 rum
230 2530 403 2593 crustae,
436 2547 535 2591 quae
561 2531 692 2578 valde
709 2531 909 2595 gibberae
929 2528 1054 2593 sunt,
1080 2534 1278 2581 minium
1303 2534 1463 2581 colore
1484 2533 1724 2581 imitantur
1744 2550 1759 2590 5
1792 2531 1843 2577 in
1871 2531 1925 2577 iis

110 2611 267 2644 autem
286 2597 520 2655 extremiS,
552 2592 644 2657 quai
676 2596 990 2656 conveniunt,
1025 2596 1118 2644 duo
1146 2599 1366 2660 punclula
1397 2598 1545 2660 nigra.
1610 2596 1672 2644 Iis
1692 2595 1772 2642 alae
1792 2587 1924 2641 fusca:

106 2657 424 2719 subjiciuntur.

173 2725 248 2772 Ad
269 2723 502 2771 Calendas
518 2723 678 2783 Junias
698 2723 747 2771 in
770 2719 904 2787 sylvis
921 2724 1024 2788 agri
1043 2722 1379 2776 Lineolnienfis
1403 2738 1475 2774 eas
1494 2717 1726 2785 primum,
1758 2724 1804 2770 δῑ
1827 2734 1924 2768 tum
1941 2725 2052 2763 Locus.

110 2802 298 2849 quoque
315 2788 364 2835 in
381 2787 526 2847 coitu,
560 2788 669 2834 vidi.
1444 2790 1449 2793 ’
1768 2849 1813 2897 A
1833 2847 1877 2896 C

1882 2861 1931 2895 a-
