2322 3206
1156 45 1422 139 (48-)

439 167 498 214 In
529 160 844 228 descriptione
878 157 1030 210 coitus
1067 155 1201 220 hujus
1223 154 1422 217 Inseeci,
1454 172 1564 206 cum
1587 154 1963 205 Swammerdamz‘o
1984 155 2220 208 consentit
2276 201 2280 204 .

372 231 437 281 D.
456 230 578 280 Will:
602 231 686 292 qui
716 232 764 278 δε
790 224 889 291 ipse
923 240 1031 274 eum
1055 219 1236 272 curiose
1265 219 1546 284 observavit,
1581 226 1628 272 δε
1658 218 1893 286 descripsit
1922 225 1974 272 in
2004 226 2119 288 Hist.
2148 229 2221 273 In-

392 296 467 343 eei.
502 297 610 341 MS.
894 342 899 345 ,
1309 316 1313 320 ’
1488 338 1491 344 ,

364 294 404 357 s
434 359 681 408 ‘Pro'deunt
709 368 865 402 autem
883 351 1077 400 Libellae
1098 368 1158 401 ex
1179 349 1368 401 Inseecis
1389 349 1621 414 fiexapod.
1644 349 1847 414 Mouffeto
1863 351 2036 401 Theat.
2049 347 2220 400 Infecit.

376 441 421 487 p..
443 440 545 486 322.
580 436 667 483 pro
690 419 920 481 pulicibus
949 417 1144 465 marinis
1179 417 1400 480 depiCtis,
1434 421 1480 464 &
1505 431 1625 479 pag.
1658 417 1852 478 praeced.
1890 433 1980 480 pro
1998 414 2223 465 *Locustis

361 486 619 550 aquaticis.
946 521 955 529 .
1044 531 1048 533 ,

442 549 659 610 Scorpius
689 547 832 593 etiam
852 545 1094 608 aquaticus
1110 544 1216 592 Redi
1249 544 1370 595 nihil
1404 544 1530 592 aliud
1560 540 1628 591 est
1664 541 1806 605 quam
1835 546 1999 594 itidem
2029 543 2222 592 Libellae

324 632 326 635 ’
377 613 604 678 nympha,
637 606 713 663 sed
743 607 1195 673 ejusspeciqi‘quam
1218 612 1341 657 inter
1360 606 1639 672 virgunculas
1670 607 2223 672 majoresreeenseremus,

375 674 727 725 §wammerdam
763 678 809 720 F.
825 676 888 721 W.
954 672 1206 734 Existimat
1228 671 1419 736 insuper
1432 675 1497 723 D.
1515 672 1744 735 Wdughby
1763 673 2001 735 duplicem
2025 671 2117 721 effe
2141 676 2226 722 Li-

379 744 606 790 bellarum
627 752 784 786 ortum
803 755 814 785 ι
848 754 996 786 unum
1015 754 1076 786 ex
1097 739 1331 801 hexapod.
1354 739 1581 798 aquaticis
1601 737 1852 800 tripilibus,
1885 738 2044 785 caudis
2057 740 2227 800 pinna-

379 808 455 865 tis,
486 819 687 865 quarum
706 799 882 865 species
897 804 1080 863 aliquot
1102 800 1355 863 describit3
1390 803 1588 850 alterum
1609 817 1669 850 ex
1687 803 1917 863 hexapod.
1941 801 2098 864 figurae
2121 803 2226 850 bre-

378 871 519 918 vioris
544 867 742 925 latioris,
776 869 822 914 δε
847 867 1006 929 pinnis
1025 866 1120 915 istis
1142 868 1423 928 carentibus,
1455 883 1555 929 quae
1582 868 1637 914 in
1668 866 1874 915 Libellas
1895 866 2092 928 majores
2121 868 2228 915 bre-

379 950 527 983 viores
548 945 800 980 mutantur.
2130 956 2133 959 ᾗ

444 997 761 1058 Hexapodem
796 996 921 1043 unde
955 1008 1131 1044 exeunt
1157 996 1301 1058 primi
1329 993 1756 1058 generis,Libellae‚
1802 994 1854 1042 in
1881 995 2008 1044 hunc
2032 996 2224 1046 modum

378 1061 610 1113 describit.
676 1061 903 1122 Hexapus
933 1060 1124 1122 tripilis,
1157 1060 1332 1107 coloris
1364 1057 1497 1108 fusci.
1563 1060 1742 1119 Caput,
1772 1060 1921 1119 oculi,
1953 1061 2228 1109 os‘Libe'lla-

381 1144 482 1177 rum
512 1125 686 1173 fimilia.
753 1125 990 1172 Antennae
1026 1123 1072 1170 ei
1104 1123 1230 1183 duae,
1269 1123 1458 1183 breves,
1490 1121 1665 1170 direci&
1694 1119 1959 1171 antrorsum
1987 1121 2228 1187 protensae.

381 1193 524 1240 Pedes
538 1190 787 1252 praelongi,
818 1184 1309 1249 pallidelutescentes,
1342 1189 1534 1236 maculis
1550 1187 1697 1248 nigris
1719 1187 1856 1247 varii,
1889 1203 2092 1249 quorum
2107 1190 2229 1238 nulli

378 1256 517 1320 supra
538 1249 727 1301 dorsum
754 1252 1084 1309 reneriuntur,
1118 1264 1168 1298 ut
1190 1251 1240 1298 in
1273 1251 1403 1311 aliis,
1436 1268 1526 1300 nec
1550 1252 1759 1299 natando
1780 1266 1949 1314 corpus
1978 1250 2228 1304 sursum&

380 1317 600 1370 deorsum
633 1329 845 1374 movent,
887 1311 963 1363 sed
995 1314 1248 1364 lateraliter
1279 1313 1483 1377 sspiscium
1511 1331 1655 1364 more.
1723 1316 1893 1363 Cauda
1921 1330 2013 1365 tres
2041 1319 2229 1367 latiores

383 1388 549 1451 pinnas
579 1382 732 1444 gerit,
764 1381 933 1428 ordine
969 1379 1245 1439 triangulari
1267 1382 1390 1438 sitas,
1425 1396 1527 1441 quae
1560 1394 1697 1427 extra
1728 1384 1870 1440 aq’uas
1902 1387 2045 1431 unani
2084 1384 2228 1433 latam

382 1451 580 1499 caudam
619 1445 848 1502 efficiunt,
899 1455 952 1490 ut
982 1443 1034 1490 in
1067 1439 1268 1504 piscibus
1300 1443 1739 1506 perpendicularem
1773 1457 1872 1491 non
1910 1443 2229 1495 transversam.

380 1516 542 1564 Pinnae
563 1509 718 1558 caudae
752 1505 880 1556 fusco
917 1509 964 1554 δε
1006 1506 1116 1554 albo
1144 1508 1396 1555 variantur.
1459 1509 1681 1570 Corpore
1703 1504 1768 1553 est
1792 1510 1999 1558 rotundo
2033 1510 2109 1568 (in
2132 1526 2230 1573 quo

380 1581 561 1627 alarum
583 1573 843 1638 primordia
867 1570 1121 1632 apparent)
1157 1572 1209 1620 in
1237 1575 1263 1618 8
1289 1573 1414 1619 velut
1432 1573 1630 1634 angulos
1646 1568 1883 1638 distincto,
1917 1575 2035 1623 areis
2048 1576 2229 1637 nigrio-

382 1645 506 1693 ribus
527 1644 573 1689 δε
599 1638 745 1699 magis
769 1636 947 1686 albidis,
1013 1635 1205 1685 Horum
1238 1633 1536 1700 [Heffmwm]
1567 1635 1648 1685 alii
1672 1637 1821 1700 magis
1839 1634 1975 1699 susci,
2006 1640 2090 1688 alii
2110 1640 2230 1689 albi-

383 1709 538 1755 diores
559 1700 678 1752 sunt.

447 1766 725 1830 Longitudo
749 1766 888 1813 totius
910 1778 1015 1814 unc.
1044 1782 1087 1825 1,
1121 1767 1274 1815 caudae
1288 1773 1335 1827 ἐκ,
1367 1768 1641 1829 corporis-55,
1674 1767 1932 1818 Antennsl-
1948 1765 2058 1815 fere.

452 1833 644 1883 Libellae
661 1844 913 1892 erumpunt
927 1845 986 1878 ex
1008 1828 1168 1879 crustis
1188 1828 1264 1879 seu
1285 1845 1391 1878 cute
1414 1829 1650 1878 crustacea
1672 1832 1972 1889 aureliarum,
2006 1843 2091 1893 per
2108 1829 2230 1880 fissu-

386 1915 503 1957 ram,
536 1912 637 1957 quae
669 1895 842 1957 incipit
861 1895 986 1942 inter
1014 1895 1193 1953 oculos,
1224 1896 1594 1943 &continuatur
1618 1895 1676 1941 ad
1698 1897 1908 1953 radicem
1937 1897 2231 1946 rudimento-

385 1980 489 2013 rum
528 1962 736 2018 alarumz,
787 1958 867 2006 ubi
908 1957 1090 2007 laterali
1133 1960 1355 2022 utrinque
1400 1957 1561 2008 fifi'urae
1604 1960 1865 2024 plerunque
1908 1955 2231 2023 conjungitur.

387 2029 451 2078 D.
471 2023 724 2089 Wllughby.

413 2183 454 2214 1.
490 2163 648 2271 Lvsskeua
662 2167 851 2211 maxima
866 2161 1176 2224 vulgatiffima,
1209 2165 1290 2210 alis
1303 2165 1518 2225 argenteis.
1583 2160 1804 2226 Mssajorum
1822 2164 1948 2210 tertia
1965 2160 2209 2213 Mouffeti.

448 2230 490 2271 F.
567 2259 577 2269 .

523 2286 618 2334 Res
643 2281 742 2332 fere
762 2284 924 2333 uncias
944 2283 1090 2347 longa
1113 2281 1215 2347 est,·
1249 2283 1369 2332 facie
1390 2281 1666 2346 virescente,
1697 2298 1810 2332 cum
1825 2282 2010 2345 macula
2033 2286 2087 2332 in
2107 2280 2232 2334 sum&

553 2350 716 2397 mitate
746 2351 898 2411 nigra.
962 2349 1133 2410 Latera
1161 2349 1364 2397 thoracis
1397 2346 1495 2396 dtiae
1526 2350 1627 2397 latae
1665 2364 1780 2396 areae
1810 2350 2097 2397 viridi-flavae
2132 2348 2234 2400 fer&

391 2428 492 2462 tota
518 2426 788 2473 occupant3
821 2413 977 2460 antica
1001 2429 1104 2475 pars
1135 2415 1323 2475 glauca,
1358 2413 1529 2461 duabus
1556 2414 1672 2460 areis
1691 2413 1846 2473 longis
1865 2413 1999 2461 luteis
2027 2413 2232 2477 insignis

393 2474 600 2527 Dorsum
620 2475 646 2524 ὲ
673 2478 836 2524 decem
867 2479 1049 2525 annulis
1070 2478 1402 2540 componitur,
1435 2473 1565 2525 fusco
1594 2479 1642 2524 &
1677 2472 2108 2525 viridescenti-albo
2135 2479 2234 2527 ele-

394 2557 561 2604 ganter
582 2541 761 2588 varium
779 2558 794 2598 3
826 2554 908 2601 per
923 2542 1130 2588 medium
1151 2544 1276 2590 linea
1294 2538 1370 2588 seu
1387 2542 1553 2602 rugula
1569 2541 1708 2601 nigra
1731 2541 1951 2589 decurrit.
2013 2539 2230 2591 Incisurae

395 2608 539 2667 nigrae
560 2602 682 2664 sunt,
714 2604 885 2650 deinde
909 2604 1007 2651 duae
1025 2607 1216 2653 maculae
1229 2603 1424 2666 majores
1443 2605 1467 2652 ὲ
1489 2605 1626 2659 viridi
1645 2605 1778 2663 albae,·
1805 2608 1851 2652 &
1873 2607 1924 2653 in
1944 2608 2231 2661 annulorum

395 2671 555 2718 medio
573 2669 671 2716 duae
697 2671 916 2715 minores,
959 2670 1143 2716 Annuli
1164 2670 1315 2717 infimi
1336 2667 1431 2716 fere
1445 2669 1533 2717 toti
1552 2667 1576 2715 ὲ
1600 2669 1740 2716 viridi
1757 2669 1975 2718 albicant.
2021 2671 2232 2720 Acauda

398 2733 723 2795 appendiculae
743 2729 821 2781 seu
843 2733 1025 2782 laminae
1047 2734 1191 2795 nigrae
1214 2735 1311 2782 duae
1345 2747 1546 2794 exeunt,
1584 2730 1610 2781 ὲ
1643 2734 1813 2794 podice
1838 2730 1992 2784 subtus
2011 2736 2233 2795 utrinque

2113 2800 2232 2861 pilus
