2322 3206
885 54 1166 147 (333)

459 225 651 297 Ph‘alaenb
677 251 733 299 32
757 234 932 300 Pyxidis
953 248 1124 301 magnae,
1153 233 1310 298 ptenibs
1330 231 1541 298 defiripta.

201 356 251 407 X
280 357 435 406 Eruca
468 357 606 404 viridi
624 356 895 420 Frugariam
917 352 1189 418 depascente
1209 365 1364 403 ortum
1388 355 1533 415 ducit,
1563 355 1733 405 Martii
1753 361 1912 410 mensis

236 421 374 468 initio
392 434 451 468 ex
466 421 660 469 Aurelia
679 435 941 481 erumpens.
1778 424 1780 426 ’

161 485 337 545 Supina
360 485 694 546 pars-corporis
724 488 770 532 &
793 485 971 530 alarum
990 482 1270 531 exteriorum
1297 477 1491 530 obscure
1518 479 1806 544 purpurascit
1833 481 1910 531 seu

95 546 307 595 rubescit.
371 546 450 596 Ad
474 549 691 601 zexterius'
705 548 822 594 latus
853 548 1030 594 alarum
1058 548 1341 594 exteriorum
1363 546 1521 594 ductus
1541 548 1678 608 niger
1702 560 1912 594 arcuatus

92 607 170 657 seu
191 612 424 672 angularis
439 607 638 672 spatium
655 611 858 658 albicans
871 610 1108 668 terminat,
1137 613 1183 656 &
1201 607 1328 668 linesi
1344 607 1448 656 albai
1462 611 1680 672 utrinque
1690 612 1913 658 termina-

89 685 179 721 tur.
216 675 347 722 Huic
369 676 586 736 proxima
611 686 758 736 prope
769 673 969 719 mediam
984 673 1104 719 alam
1118 673 1505 720 maculahabetur
1520 674 1654 736 nigra
1680 692 1700 722 1
1725 674 1912 737 cyphrae

90 734 239 797 figura
265 735 377 785 fere.
441 738 592 785 Linea
609 737 751 783 etiam
775 736 912 797 nigra
933 750 1033 783 non
1052 733 1194 795 longe
1215 735 1272 781 ab
1291 749 1457 784 exortu
1477 738 1556 783 alae
1573 739 1630 784 ad
1652 738 1766 784 latus
1782 751 1912 785 exte-

90 799 185 847 rius
203 801 418 848 cernitur.
485 798 722 861 Praecipue
743 799 931 860 insignis
945 796 1011 845 est
1028 798 1187 846 duetus
1200 795 1472 861 transversus
1490 800 1691 848 albicans
1709 801 1911 862 inaequa-

89 861 145 909 lis
168 878 266 911 non
297 861 446 928 longe
478 864 538 911 ab
569 866 664 912 ima
694 863 781 910 ala.
848 863 948 910 Alae
985 862 1229 911 interiores
1263 859 1288 908 ὲ
1314 862 1502 911 cinereo
1530 864 1765 924 nigricant
1800 878 1909 910 cum

86 923 237 974 limbo
265 923 342 974 seu
363 928 547 975 fimbria
570 928 661 974 lata
679 927 783 974 alba
807 926 858 974 in
883 926 982 973 imo
1003 927 1227 988 margine.
1291 924 1494 974 Inferior
1515 928 1726 988 corporis
1747 931 1792 975 δε
1815 929 1910 974 ala-

91 1004 193 1036 rum
215 1005 318 1050 pars
339 988 558 1052 pallidius·
574 990 710 1038 rubet
731 1010 745 1050 3
778 990 901 1039 linea
929 991 980 1039 in
1007 989 1304 1039 interioribus
1327 1002 1513 1038 arcuata
1535 988 1774 1039 obscurior
1798 1005 1907 1038 ‘cum

90 1054 266 1113 puncto
282 1066 332 1101 ut
352 1057 405 1103 in
425 1055 528 1102 aliis
550 1054 718 1103 multis,

95 1199 136 1244 5.
167 1185 360 1236 Phalaena
382 1193 534 1248 minor,
565 1184 805 1249 transversd
834 1191 879 1235 in
900 1186 982 1234 alis
1003 1187 1263 1236 exterioribus
1281 1186 1393 1234 lined
1413 1187 1538 1249 nigrai
1551 1187 1744 1247 arcuara‘,
1772 1203 1910 1234 aream

307 1251 589 1313 transverfhm
611 1252 742 1300 diluta
755 1253 960 1299 rubentem
972 1250 1158 1315 superie‘ts
1180 1256 1424 1313 terminante
1441 1265 1457 1298 2
1484 1250 1565 1297 alis
1586 1249 1699 1297 latis.

93 1399 102 1403 ψ
214 1372 316 1421 LAE
337 1371 382 1417 ei
399 1372 500 1418 latae
515 1367 638 1430 sunt,
672 1370 925 1418 exteriores
948 1367 973 1416 ὲ
995 1371 1187 1419 cinereo
1208 1369 1460 1418 albicantes
1481 1388 1497 1428 ,-
1525 1369 1582 1415 ad
1604 1378 1819 1415 exortum
1841 1368 1911 1415 di-

246 1433 343 1483 lute
369 1435 614 1493 rubentes,
645 1435 755 1480 dein
781 1434 1032 1481 albicantes
1071 1435 1128 1481 ad
1152 1434 1325 1481 lineam
1362 1429 1666 1479 transversam
1691 1432 1874 1495 nigram
1888 1453 1906 1490 3

85 1514 243 1547 aream
263 1495 582 1547 rubescentem
616 1499 716 1545 imo
739 1497 883 1544 latere
919 1509 1086 1552 notant
1108 1498 1279 1560 punsta
1306 1493 1399 1544 duo
1432 1492 1732 1559 nigricantia,
1765 1509 1910 1543 unum

85 1565 143 1610 ad
161 1564 353 1610 interius
368 1562 448 1609 alae
468 1562 605 1621 latus,
633 1561 760 1608 aliud
781 1575 881 1608 non
903 1560 1048 1624 longe
1081 1558 1109 1608 ὲ.
1142 1562 1297 1608 media
1323 1561 1402 1607 alae
1420 1559 1664 1607 latitudine
1689 1556 1833 1619 majus
1858 1561 1904 1604 δε

86 1627 138 1673 in
156 1627 380 1686 angulum
402 1621 594 1672 inferius
620 1639 909 1686 procurrens.
975 1624 1227 1684 Reliquum
1245 1623 1324 1669 alae
1337 1625 1523 1682 albicat,
1541 1639 1593 1671 ut
1607 1626 1652 1672 ὅτ
1670 1635 1770 1684 tota
1786 1622 1907 1669 inte-

84 1691 183 1738 rior
190 1688 293 1750 ejus·
302 1689 444 1737 facies
460 1692 505 1735 &c
530 1688 613 1734 alae
630 1689 867 1735 interiores
882 1700 977 1734 tam
995 1702 1143 1748 prona
1165 1684 1303 1749 quam
1322 1684 1484 1748 supina
1506 1700 1651 1747 parte.

131 1751 573 1801 .Meniis‹Maii-fine
594 1752 646 1799 in
661 1753 878 1812 pomario
899 1749 1056 1800 nostro
1076 1750 1104 1798 ὲ
1121 1752 1264 1799 filiola
1282 1756 1531 1812 Margareta
1550 1751 1743 1797 inventa
1766 1746 1844 1796 est.

85 1884 131 1925 6.
162 1877 352 1924 Phalaena
375 1875 607 1934 mediocris,
638 1890 788 1937 corpore
820 1876 1032 1936 habitiore‚
1064 1876 1146 1922 alis
1178 1875 1354 1937 oblongis
1376 1876 1560 1937 angustis
1584 1872 1740 1935 obscure}
1756 1874 1906 1920 ruben-

149 1938 279 2001 tibus,
312 1940 576 1985 exterioribus
594 1943 680 1984 ima
700 1951 813 1998 parte
830 1939 939 1984 linea
959 1938 1196 2000 transversa
1218 1938 1420 1984 undulata
1439 1938 1660 1984 albo-lutea
1679 1944 1842 1985 notatis.

114 2002 398 2061 Transcribed.

230 2067 330 2114 LAE
353 2064 602 2112 exteriores
622 2063 775 2110 media
796 2077 927 2125 parte
947 2066 1119 2113 lineam
1144 2065 1315 2112 habent
1335 2059 1636 2111 transversam
1668 2064 1908 2126 nigrican-

86 2073 225 2188 Α
261 2143 369 2176 tem.
437 2126 657 2188 Scapulae,
685 2128 796 2174 utin
817 2129 910 2176 hoc
928 2144 1118 2191 genere,
1151 2126 1301 2176 crassae
1317 2124 1431 2174 sunt.
1493 2128 1539 2175 A
1559 2129 1734 2175 vertice
1757 2128 1815 2175 ad
1828 2142 1905 2174 ro-

82 2189 225 2238 strum
244 2193 416 2253 lanugo
443 2193 495 2238 in
517 2190 698 2263 4·velut
721 2192 880 2239 dentes
907 2190 1090 2239 obtusos
1120 2191 1324 2254 assurgit.
1391 2191 1569 2238 Totum
1588 2208 1772 2253 corpus,
1804 2204 1901 2238 tam

10 2267 17 2275 ’
58 2270 64 2277 ’
85 2269 283 2315 pronum
303 2256 443 2316 quam
467 2251 699 2314 supinum,
731 2268 829 2300 non
862 2252 1011 2302 minus
1035 2254 1174 2316 quam
1196 2257 1294 2312 alae,
1332 2256 1501 2301 eodem
1522 2255 1684 2302 colore
1710 2252 1901 2302 obscure

84 2318 282 2367 rubente
300 2321 500 2381 tingitur
525 2334 535 2364 :
568 2316 666 2364 Alae
689 2313 869 2365 tantum
893 2320 1137 2366 interiores
1158 2317 1319 2380 supina
1342 2332 1473 2377 parte
1493 2317 1684 2365 cinereae
1705 2316 1780 2365 seu
1800 2319 1900 2379 pul-

84 2395 229 2429 vereae
247 2379 385 2429 sune·
422 2383 566 2443 Supra
587 2377 802 2440 infraque
824 2382 995 2430 lineam
1014 2384 1065 2428 in
1089 2382 1393 2429 exterioribus
1407 2381 1486 2427 alis
1504 2377 1805 2428 transversam
1826 2384 1899 2429 ni·

81 2458 230 2504 gram,
262 2446 446 2493 macula
457 2440 970 2504 habetur·subrotunda,
1002 2442 1251 2504 majuscula
1269 2439 1484 2506 pallidius
1508 2446 1686 2492 rubens.

101 2547 103 2550 .
143 2510 274 2569 Junii
305 2508 688 2557 20.‹2ex2Aurelia-
708 2509 861 2569 erupit
881 2512 1032 2571 nigra,
1064 2511 1114 2555 in
1133 2524 1274 2569 quim
1292 2521 1465 2553 mutata
1484 2506 1548 2555 est
1571 2509 1722 2556 Eruca
1745 2506 1896 2566 graci-

81 2569 143 2616 lis
161 2573 399 2635 praelonga>
417 2567 571 2631 uiridis
593 2571 1052 2621 Salicemlatifoliam
1075 2568 1337 2634 depascens,
1371 2568 1494 2617 linea
1512 2573 1561 2618 in
1585 2571 1740 2617 medio
1758 2567 1894 2615 dorio

83 2630 369 2694 &turatiorffi
403 2630 589 2682 &lutea
617 2634 665 2679 in
683 2636 901 2685 utrolibet
930 2639 1071 2686 latere
1092 2651 1196 2684 cum
1215 2637 1478 2696 nigricante
1498 2637 1739 2696 contigua,
1760 2631 1891 2692 Junii

83 2701 159 2746 26.
190 2698 651 2760 An.1697.in.venta-.
1780 2759 1790 2783 Ι
1827 2756 1843 2802 l

104 2777 106 2779 ’
1738 2764 1822 2807 Ρ,];;
1846 2771 1893 2795 J’..
