<?xml version="1.0" encoding="UTF-8"?>
<!DOCTYPE html PUBLIC "-//W3C//DTD XHTML 1.0 Transitional//EN"
    "http://www.w3.org/TR/xhtml1/DTD/xhtml1-transitional.dtd">
<html xmlns="http://www.w3.org/1999/xhtml" xml:lang="en" lang="en">
 <head>
  <title>
</title>
<meta http-equiv="Content-Type" content="text/html;charset=utf-8" />
  <meta name='ocr-system' content='tesseract 3.04.00' />
  <meta name='ocr-capabilities' content='ocr_page ocr_carea ocr_par ocr_line ocrx_word'/>
</head>
<body>
  <div class='ocr_page' id='page_1' title='image "./historiainsector00rayj_0339.png"; bbox 0 0 2322 3206; ppageno 0'>
   <div class='ocr_carea' id='block_1_1' title="bbox 930 65 1210 155">
    <p class='ocr_par' dir='ltr' id='par_1_1' title="bbox 930 65 1210 155">
     <span class='ocr_line' id='line_1_1' title="bbox 930 65 1210 155; baseline 0.004 -1"><span class='ocrx_word' id='word_1_1' title='bbox 930 65 1210 155; x_wconf 81' lang='lat'>(311)</span> 
     </span>
    </p>
   </div>
   <div class='ocr_carea' id='block_1_2' title="bbox 131 166 1961 569">
    <p class='ocr_par' dir='ltr' id='par_1_2' title="bbox 131 166 1961 569">
     <span class='ocr_line' id='line_1_2' title="bbox 141 166 1961 250; baseline 0.009 -25"><span class='ocrx_word' id='word_1_2' title='bbox 141 173 367 241; x_wconf 86' lang='lat' dir='ltr'>majorem</span> <span class='ocrx_word' id='word_1_3' title='bbox 400 174 577 223; x_wconf 85' lang='lat' dir='ltr'>molem</span> <span class='ocrx_word' id='word_1_4' title='bbox 611 166 846 222; x_wconf 78' lang='lat' dir='ltr'>evasuram</span> <span class='ocrx_word' id='word_1_5' title='bbox 861 177 1186 238; x_wconf 58' lang='lat' dir='ltr'>expectarem,</span> <span class='ocrx_word' id='word_1_6' title='bbox 1219 188 1386 239; x_wconf 83' lang='lat' dir='ltr'>praeter</span> <span class='ocrx_word' id='word_1_7' title='bbox 1420 173 1546 240; x_wconf 83' lang='lat' dir='ltr'>spem</span> <span class='ocrx_word' id='word_1_8' title='bbox 1570 186 1887 250; x_wconf 75' lang='lat' dir='ltr'>&amp;inopinato</span> <span class='ocrx_word' id='word_1_9' title='bbox 1911 196 1961 243; x_wconf 77' lang='lat' dir='ltr'>in</span> 
     </span>
     <span class='ocr_line' id='line_1_3' title="bbox 140 235 1960 311; baseline 0.009 -22"><span class='ocrx_word' id='word_1_10' title='bbox 140 242 362 289; x_wconf 84' lang='lat' dir='ltr'>aureliam</span> <span class='ocrx_word' id='word_1_11' title='bbox 384 237 683 287; x_wconf 82' lang='lat' dir='ltr'>transmutata</span> <span class='ocrx_word' id='word_1_12' title='bbox 697 235 762 287; x_wconf 90' lang='lat' dir='ltr'>est</span> <span class='ocrx_word' id='word_1_13' title='bbox 783 239 1044 301; x_wconf 87' lang='lat' dir='ltr'>rubentem,</span> <span class='ocrx_word' id='word_1_14' title='bbox 1077 242 1352 303; x_wconf 79' lang='lat' dir='ltr'>oblongam,</span> <span class='ocrx_word' id='word_1_15' title='bbox 1371 258 1480 291; x_wconf 90' lang='lat' dir='ltr'>curn</span> <span class='ocrx_word' id='word_1_16' title='bbox 1502 246 1624 296; x_wconf 87' lang='lat' dir='ltr'>linea</span> <span class='ocrx_word' id='word_1_17' title='bbox 1643 253 1778 311; x_wconf 86' lang='lat' dir='ltr'>nigra</span> <span class='ocrx_word' id='word_1_18' title='bbox 1794 256 1842 302; x_wconf 81' lang='lat' dir='ltr'>in</span> <span class='ocrx_word' id='word_1_19' title='bbox 1863 273 1960 305; x_wconf 81' lang='lat' dir='ltr'>me-</span> 
     </span>
     <span class='ocr_line' id='line_1_4' title="bbox 135 302 1957 371; baseline 0.008 -18"><span class='ocrx_word' id='word_1_20' title='bbox 135 307 218 353; x_wconf 88' lang='lat' dir='ltr'>dio</span> <span class='ocrx_word' id='word_1_21' title='bbox 241 302 390 352; x_wconf 91' lang='lat' dir='ltr'>dorso.</span> <span class='ocrx_word' id='word_1_22' title='bbox 455 302 708 364; x_wconf 89' lang='lat' dir='ltr'>Postquam</span> <span class='ocrx_word' id='word_1_23' title='bbox 734 303 1019 353; x_wconf 87' lang='lat' dir='ltr'>menstruum</span> <span class='ocrx_word' id='word_1_24' title='bbox 1061 306 1249 355; x_wconf 84' lang='lat' dir='ltr'>circiter</span> <span class='ocrx_word' id='word_1_25' title='bbox 1270 305 1465 371; x_wconf 89' lang='lat' dir='ltr'>spatium</span> <span class='ocrx_word' id='word_1_26' title='bbox 1492 307 1574 358; x_wconf 89' lang='lat' dir='ltr'>sub</span> <span class='ocrx_word' id='word_1_27' title='bbox 1613 315 1814 364; x_wconf 80' lang='lat' dir='ltr'>A&#39;ureliae</span> <span class='ocrx_word' id='word_1_28' title='bbox 1829 320 1957 368; x_wconf 80' lang='lat' dir='ltr'>larva</span> 
     </span>
     <span class='ocr_line' id='line_1_5' title="bbox 135 365 1959 433; baseline 0.009 -18"><span class='ocrx_word' id='word_1_29' title='bbox 135 367 385 417; x_wconf 68' lang='lat' dir='ltr'>delituisset</span> <span class='ocrx_word' id='word_1_30' title='bbox 410 369 633 415; x_wconf 79' lang='lat' dir='ltr'>Phalaenae</span> <span class='ocrx_word' id='word_1_31' title='bbox 651 365 984 430; x_wconf 64' lang='lat' dir='ltr'>formaprodiit</span> <span class='ocrx_word' id='word_1_32' title='bbox 999 369 1177 432; x_wconf 87' lang='lat' dir='ltr'>viridis,</span> <span class='ocrx_word' id='word_1_33' title='bbox 1205 372 1287 420; x_wconf 87' lang='lat' dir='ltr'>alis</span> <span class='ocrx_word' id='word_1_34' title='bbox 1309 373 1426 433; x_wconf 80' lang='lat' dir='ltr'>latiS,</span> <span class='ocrx_word' id='word_1_35' title='bbox 1459 376 1762 426; x_wconf 84' lang='lat' dir='ltr'>exterioribus</span> <span class='ocrx_word' id='word_1_36' title='bbox 1784 383 1959 432; x_wconf 70' lang='lat' dir='ltr'>duabus</span> 
     </span>
     <span class='ocr_line' id='line_1_6' title="bbox 131 429 1957 499; baseline 0.008 -19"><span class='ocrx_word' id='word_1_37' title='bbox 131 429 390 482; x_wconf 73' lang='lat' dir='ltr'>transvertis</span> <span class='ocrx_word' id='word_1_38' title='bbox 406 433 589 481; x_wconf 83' lang='lat' dir='ltr'>lineolis</span> <span class='ocrx_word' id='word_1_39' title='bbox 600 432 712 479; x_wconf 88' lang='lat' dir='ltr'>albis</span> <span class='ocrx_word' id='word_1_40' title='bbox 729 434 898 481; x_wconf 86' lang='lat' dir='ltr'>notatis</span> <span class='ocrx_word' id='word_1_41' title='bbox 912 449 1019 481; x_wconf 90' lang='lat' dir='ltr'>curn</span> <span class='ocrx_word' id='word_1_42' title='bbox 1034 434 1213 483; x_wconf 85' lang='lat' dir='ltr'>fimbria</span> <span class='ocrx_word' id='word_1_43' title='bbox 1225 436 1274 482; x_wconf 89' lang='lat' dir='ltr'>in</span> <span class='ocrx_word' id='word_1_44' title='bbox 1289 437 1386 484; x_wconf 87' lang='lat' dir='ltr'>imo</span> <span class='ocrx_word' id='word_1_45' title='bbox 1403 440 1612 499; x_wconf 78' lang='lat' dir='ltr'>margine</span> <span class='ocrx_word' id='word_1_46' title='bbox 1631 442 1777 490; x_wconf 75' lang='lat' dir='ltr'>dilute</span> <span class='ocrx_word' id='word_1_47' title='bbox 1788 448 1957 495; x_wconf 85' lang='lat' dir='ltr'>ruben-</span> 
     </span>
     <span class='ocr_line' id='line_1_7' title="bbox 133 497 1952 569; baseline 0.008 -26"><span class='ocrx_word' id='word_1_48' title='bbox 133 508 197 557; x_wconf 88' lang='lat' dir='ltr'>te,</span> <span class='ocrx_word' id='word_1_49' title='bbox 216 498 352 545; x_wconf 85' lang='lat' dir='ltr'>radiis</span> <span class='ocrx_word' id='word_1_50' title='bbox 361 497 887 559; x_wconf 53' lang='lat' dir='ltr'>nigricantibus‘crebris</span> <span class='ocrx_word' id='word_1_51' title='bbox 898 497 1241 562; x_wconf 69' lang='lat' dir='ltr'>distin&amp;ae,quae</span> <span class='ocrx_word' id='word_1_52' title='bbox 1252 498 1280 548; x_wconf 71' lang='lat' dir='ltr'>a</span> <span class='ocrx_word' id='word_1_53' title='bbox 1292 502 1427 551; x_wconf 86' lang='lat' dir='ltr'>nobis</span> <span class='ocrx_word' id='word_1_54' title='bbox 1444 502 1720 554; x_wconf 87' lang='lat' dir='ltr'>describitur</span> <span class='ocrx_word' id='word_1_55' title='bbox 1737 523 1952 569; x_wconf 81' lang='lat' dir='ltr'>pro-—-·</span> 
     </span>
    </p>
   </div>
   <div class='ocr_carea' id='block_1_3' title="bbox 129 625 1952 757">
    <p class='ocr_par' dir='ltr' id='par_1_3' title="bbox 129 625 1952 757">
     <span class='ocr_line' id='line_1_8' title="bbox 129 625 1952 701; baseline 0.009 -31"><span class='ocrx_word' id='word_1_56' title='bbox 129 637 173 683; x_wconf 75' lang='grc' dir='ltr'>ς.</span> <span class='ocrx_word' id='word_1_57' title='bbox 208 629 348 672; x_wconf 81' lang='lat' dir='ltr'>Eruca</span> <span class='ocrx_word' id='word_1_58' title='bbox 378 629 590 673; x_wconf 81' lang='lat' dir='ltr'>Geometra</span> <span class='ocrx_word' id='word_1_59' title='bbox 621 626 769 674; x_wconf 85' lang='lat' dir='ltr'>mediae</span> <span class='ocrx_word' id='word_1_60' title='bbox 799 625 1104 690; x_wconf 74' lang='lat' dir='ltr'>magnitudinis</span> <span class='ocrx_word' id='word_1_61' title='bbox 1128 628 1296 689; x_wconf 79' lang='lat' dir='ltr'>glabra,</span> <span class='ocrx_word' id='word_1_62' title='bbox 1322 629 1515 693; x_wconf 82' lang='lat' dir='ltr'>pulverei</span> <span class='ocrx_word' id='word_1_63' title='bbox 1547 633 1687 681; x_wconf 82' lang='lat' dir='ltr'>coloris</span> <span class='ocrx_word' id='word_1_64' title='bbox 1705 654 1797 684; x_wconf 90' lang='lat' dir='ltr'>cum</span> <span class='ocrx_word' id='word_1_65' title='bbox 1818 634 1952 701; x_wconf 77' lang='lat' dir='ltr'>nigris</span> 
     </span>
     <span class='ocr_line' id='line_1_9' title="bbox 483 689 1594 757; baseline 0.008 -22"><span class='ocrx_word' id='word_1_66' title='bbox 483 691 644 753; x_wconf 56' lang='lat' dir='ltr'>pztnffiis</span> <span class='ocrx_word' id='word_1_67' title='bbox 662 689 720 742; x_wconf 55' lang='grc' dir='ltr'><strong><em>ὠ</em></strong></span> <span class='ocrx_word' id='word_1_68' title='bbox 735 691 874 752; x_wconf 66' lang='lat' dir='ltr'>lineis,</span> <span class='ocrx_word' id='word_1_69' title='bbox 906 690 1108 739; x_wconf 79' lang='lat' dir='ltr'>tuberculo</span> <span class='ocrx_word' id='word_1_70' title='bbox 1129 691 1230 738; x_wconf 77' lang='lat' dir='ltr'>elato</span> <span class='ocrx_word' id='word_1_71' title='bbox 1256 697 1301 740; x_wconf 85' lang='lat' dir='ltr'>in</span> <span class='ocrx_word' id='word_1_72' title='bbox 1318 695 1449 742; x_wconf 83' lang='lat' dir='ltr'>medio</span> <span class='ocrx_word' id='word_1_73' title='bbox 1469 695 1594 757; x_wconf 65' lang='lat' dir='ltr'>dorsb.</span> 
     </span>
    </p>
   </div>
   <div class='ocr_carea' id='block_1_4' title="bbox 94 813 1949 1654">
    <p class='ocr_par' dir='ltr' id='par_1_4' title="bbox 94 813 1949 1654">
     <span class='ocr_line' id='line_1_10' title="bbox 236 813 1949 890; baseline 0.007 -25"><span class='ocrx_word' id='word_1_74' title='bbox 236 816 490 879; x_wconf 85' lang='lat' dir='ltr'>Ongitudo</span> <span class='ocrx_word' id='word_1_75' title='bbox 505 817 695 865; x_wconf 87' lang='lat' dir='ltr'>circiter</span> <span class='ocrx_word' id='word_1_76' title='bbox 708 813 1014 877; x_wconf 75' lang='lat' dir='ltr'>sescuncialiS,</span> <span class='ocrx_word' id='word_1_77' title='bbox 1047 819 1254 867; x_wconf 85' lang='lat' dir='ltr'>culmum</span> <span class='ocrx_word' id='word_1_78' title='bbox 1275 819 1519 871; x_wconf 81' lang='lat' dir='ltr'>craffitudo</span> <span class='ocrx_word' id='word_1_79' title='bbox 1535 821 1732 887; x_wconf 74' lang='lat' dir='ltr'>superat.</span> <span class='ocrx_word' id='word_1_80' title='bbox 1788 828 1949 890; x_wconf 87' lang='lat' dir='ltr'>Caput</span> 
     </span>
     <span class='ocr_line' id='line_1_11' title="bbox 268 879 1942 948; baseline 0.006 -19"><span class='ocrx_word' id='word_1_81' title='bbox 268 897 482 944; x_wconf 87' lang='lat' dir='ltr'>parvum,</span> <span class='ocrx_word' id='word_1_82' title='bbox 513 879 712 944; x_wconf 70' lang='lat' dir='ltr'>superne</span> <span class='ocrx_word' id='word_1_83' title='bbox 766 882 943 941; x_wconf 89' lang='lat' dir='ltr'>lanum,</span> <span class='ocrx_word' id='word_1_84' title='bbox 976 886 1142 930; x_wconf 82' lang='lat' dir='ltr'>&amp;cum</span> <span class='ocrx_word' id='word_1_85' title='bbox 1163 881 1359 947; x_wconf 83' lang='lat' dir='ltr'>scapulis</span> <span class='ocrx_word' id='word_1_86' title='bbox 1378 888 1504 935; x_wconf 88' lang='lat' dir='ltr'>velut</span> <span class='ocrx_word' id='word_1_87' title='bbox 1523 892 1811 948; x_wconf 83' lang='lat' dir='ltr'>quadratum.</span> <span class='ocrx_word' id='word_1_88' title='bbox 1865 895 1942 941; x_wconf 89' lang='lat' dir='ltr'>Ad</span> 
     </span>
     <span class='ocr_line' id='line_1_12' title="bbox 118 940 1948 1010; baseline 0.008 -20"><span class='ocrx_word' id='word_1_89' title='bbox 118 940 326 1006; x_wconf 82' lang='lat' dir='ltr'>scapulas</span> <span class='ocrx_word' id='word_1_90' title='bbox 364 946 488 995; x_wconf 89' lang='lat' dir='ltr'>linea</span> <span class='ocrx_word' id='word_1_91' title='bbox 515 943 721 994; x_wconf 83' lang='lat' dir='ltr'>transver</span> <span class='ocrx_word' id='word_1_92' title='bbox 744 960 771 992; x_wconf 87' lang='lat' dir='ltr'>a</span> <span class='ocrx_word' id='word_1_93' title='bbox 801 942 1006 995; x_wconf 80' lang='lat' dir='ltr'>flexuosa</span> <span class='ocrx_word' id='word_1_94' title='bbox 1027 950 1343 1010; x_wconf 84' lang='lat' dir='ltr'>atro-rubens,</span> <span class='ocrx_word' id='word_1_95' title='bbox 1374 953 1421 998; x_wconf 72' lang='grc' dir='ltr'>δε</span> <span class='ocrx_word' id='word_1_96' title='bbox 1461 953 1518 999; x_wconf 88' lang='lat' dir='ltr'>ad</span> <span class='ocrx_word' id='word_1_97' title='bbox 1541 956 1684 1002; x_wconf 86' lang='lat' dir='ltr'>latera</span> <span class='ocrx_word' id='word_1_98' title='bbox 1706 957 1799 1004; x_wconf 83' lang='lat' dir='ltr'>duo</span> <span class='ocrx_word' id='word_1_99' title='bbox 1821 958 1948 1005; x_wconf 80' lang='lat' dir='ltr'>velut</span> 
     </span>
     <span class='ocr_line' id='line_1_13' title="bbox 119 1009 1949 1072; baseline 0.008 -17"><span class='ocrx_word' id='word_1_100' title='bbox 119 1011 268 1070; x_wconf 91' lang='lat' dir='ltr'>oculi,</span> <span class='ocrx_word' id='word_1_101' title='bbox 300 1012 426 1060; x_wconf 90' lang='lat' dir='ltr'>linea</span> <span class='ocrx_word' id='word_1_102' title='bbox 443 1009 763 1059; x_wconf 87' lang='lat' dir='ltr'>atro-rubente</span> <span class='ocrx_word' id='word_1_103' title='bbox 790 1011 1020 1059; x_wconf 87' lang='lat' dir='ltr'>circulum</span> <span class='ocrx_word' id='word_1_104' title='bbox 1054 1011 1206 1069; x_wconf 86' lang='lat' dir='ltr'>(velut</span> <span class='ocrx_word' id='word_1_105' title='bbox 1220 1013 1415 1072; x_wconf 84' lang='lat' dir='ltr'>iridem)</span> <span class='ocrx_word' id='word_1_106' title='bbox 1448 1016 1829 1068; x_wconf 85' lang='lat' dir='ltr'>albo-coeruleum</span> <span class='ocrx_word' id='word_1_107' title='bbox 1848 1022 1949 1070; x_wconf 87' lang='lat' dir='ltr'>cin-</span> 
     </span>
     <span class='ocr_line' id='line_1_14' title="bbox 117 1075 1945 1138; baseline 0.007 -16"><span class='ocrx_word' id='word_1_108' title='bbox 117 1086 279 1134; x_wconf 84' lang='lat' dir='ltr'>gente,</span> <span class='ocrx_word' id='word_1_109' title='bbox 315 1077 492 1138; x_wconf 65' lang='lat' dir='ltr'>punsto</span> <span class='ocrx_word' id='word_1_110' title='bbox 515 1076 566 1122; x_wconf 93' lang='lat' dir='ltr'>in</span> <span class='ocrx_word' id='word_1_111' title='bbox 602 1075 760 1123; x_wconf 86' lang='lat' dir='ltr'>medio</span> <span class='ocrx_word' id='word_1_112' title='bbox 794 1090 881 1135; x_wconf 91' lang='lat' dir='ltr'>pro</span> <span class='ocrx_word' id='word_1_113' title='bbox 920 1076 1101 1138; x_wconf 89' lang='lat' dir='ltr'>pupilla</span> <span class='ocrx_word' id='word_1_114' title='bbox 1122 1080 1457 1126; x_wconf 70' lang='lat' dir='ltr'>atro-rubente.</span> <span class='ocrx_word' id='word_1_115' title='bbox 1523 1082 1743 1130; x_wconf 90' lang='lat' dir='ltr'>Medium</span> <span class='ocrx_word' id='word_1_116' title='bbox 1761 1082 1945 1134; x_wconf 83' lang='lat' dir='ltr'>dorsum</span> 
     </span>
     <span class='ocr_line' id='line_1_15' title="bbox 117 1139 1945 1206; baseline 0.007 -22"><span class='ocrx_word' id='word_1_117' title='bbox 117 1140 331 1198; x_wconf 83' lang='lat' dir='ltr'>quaedam</span> <span class='ocrx_word' id='word_1_118' title='bbox 366 1139 490 1200; x_wconf 74' lang='lat' dir='ltr'>quasi</span> <span class='ocrx_word' id='word_1_119' title='bbox 522 1150 690 1187; x_wconf 85' lang='lat' dir='ltr'>catena</span> <span class='ocrx_word' id='word_1_120' title='bbox 728 1139 991 1188; x_wconf 85' lang='lat' dir='ltr'>areolarum</span> <span class='ocrx_word' id='word_1_121' title='bbox 1021 1140 1353 1190; x_wconf 83' lang='lat' dir='ltr'>rhomboidum</span> <span class='ocrx_word' id='word_1_122' title='bbox 1393 1157 1500 1191; x_wconf 90' lang='lat' dir='ltr'>cum</span> <span class='ocrx_word' id='word_1_123' title='bbox 1523 1148 1700 1206; x_wconf 65' lang='lat' dir='ltr'>punao</span> <span class='ocrx_word' id='word_1_124' title='bbox 1715 1149 1765 1198; x_wconf 92' lang='lat' dir='ltr'>in</span> <span class='ocrx_word' id='word_1_125' title='bbox 1788 1150 1945 1197; x_wconf 89' lang='lat' dir='ltr'>medio</span> 
     </span>
     <span class='ocr_line' id='line_1_16' title="bbox 116 1201 1945 1271; baseline 0.006 -22"><span class='ocrx_word' id='word_1_126' title='bbox 116 1203 402 1264; x_wconf 87' lang='lat' dir='ltr'>fingulorum</span> <span class='ocrx_word' id='word_1_127' title='bbox 434 1203 754 1251; x_wconf 87' lang='lat' dir='ltr'>atro-rubente</span> <span class='ocrx_word' id='word_1_128' title='bbox 782 1206 1038 1265; x_wconf 85' lang='lat' dir='ltr'>pertranfit.</span> <span class='ocrx_word' id='word_1_129' title='bbox 1105 1201 1281 1253; x_wconf 77' lang='lat' dir='ltr'>Verum</span> <span class='ocrx_word' id='word_1_130' title='bbox 1312 1208 1437 1268; x_wconf 85' lang='lat' dir='ltr'>quod</span> <span class='ocrx_word' id='word_1_131' title='bbox 1478 1208 1710 1271; x_wconf 69' lang='lat' dir='ltr'>praecipue</span> <span class='ocrx_word' id='word_1_132' title='bbox 1735 1213 1945 1261; x_wconf 85' lang='lat' dir='ltr'>notabile</span> 
     </span>
     <span class='ocr_line' id='line_1_17' title="bbox 115 1263 1944 1336; baseline 0.006 -23"><span class='ocrx_word' id='word_1_133' title='bbox 115 1263 183 1313; x_wconf 85' lang='lat' dir='ltr'>est</span> <span class='ocrx_word' id='word_1_134' title='bbox 218 1266 267 1313; x_wconf 91' lang='lat' dir='ltr'>in</span> <span class='ocrx_word' id='word_1_135' title='bbox 304 1267 393 1314; x_wconf 87' lang='lat' dir='ltr'>hac</span> <span class='ocrx_word' id='word_1_136' title='bbox 428 1265 601 1330; x_wconf 83' lang='lat' dir='ltr'>specie,</span> <span class='ocrx_word' id='word_1_137' title='bbox 633 1264 829 1327; x_wconf 69' lang='lat' dir='ltr'>eamque</span> <span class='ocrx_word' id='word_1_138' title='bbox 859 1269 917 1315; x_wconf 88' lang='lat' dir='ltr'>ab</span> <span class='ocrx_word' id='word_1_139' title='bbox 945 1268 1160 1316; x_wconf 84' lang='lat' dir='ltr'>omnibus</span> <span class='ocrx_word' id='word_1_140' title='bbox 1175 1271 1315 1318; x_wconf 88' lang='lat' dir='ltr'>nobis</span> <span class='ocrx_word' id='word_1_141' title='bbox 1330 1272 1548 1319; x_wconf 67' lang='lat' dir='ltr'>haetenus</span> <span class='ocrx_word' id='word_1_142' title='bbox 1569 1276 1770 1336; x_wconf 83' lang='lat' dir='ltr'>cognitis</span> <span class='ocrx_word' id='word_1_143' title='bbox 1792 1278 1944 1324; x_wconf 87' lang='lat' dir='ltr'>mani-</span> 
     </span>
     <span class='ocr_line' id='line_1_18' title="bbox 109 1327 1942 1396; baseline 0.006 -19"><span class='ocrx_word' id='word_1_144' title='bbox 109 1327 227 1377; x_wconf 69' lang='lat' dir='ltr'>feste</span> <span class='ocrx_word' id='word_1_145' title='bbox 245 1329 509 1393; x_wconf 84' lang='lat' dir='ltr'>distinguit,</span> <span class='ocrx_word' id='word_1_146' title='bbox 539 1329 673 1391; x_wconf 85' lang='lat' dir='ltr'>spina</span> <span class='ocrx_word' id='word_1_147' title='bbox 695 1328 761 1377; x_wconf 90' lang='lat' dir='ltr'>est</span> <span class='ocrx_word' id='word_1_148' title='bbox 779 1328 925 1378; x_wconf 85' lang='lat' dir='ltr'>crassa</span> <span class='ocrx_word' id='word_1_149' title='bbox 944 1332 994 1378; x_wconf 88' lang='lat' dir='ltr'>in</span> <span class='ocrx_word' id='word_1_150' title='bbox 1016 1333 1175 1379; x_wconf 88' lang='lat' dir='ltr'>medio</span> <span class='ocrx_word' id='word_1_151' title='bbox 1196 1331 1332 1381; x_wconf 80' lang='lat' dir='ltr'>dorso</span> <span class='ocrx_word' id='word_1_152' title='bbox 1355 1335 1476 1382; x_wconf 84' lang='lat' dir='ltr'>elata</span> <span class='ocrx_word' id='word_1_153' title='bbox 1499 1333 1701 1396; x_wconf 79' lang='lat' dir='ltr'>ejusdem</span> <span class='ocrx_word' id='word_1_154' title='bbox 1737 1352 1942 1387; x_wconf 61' lang='lat' dir='ltr'>atro-ru&lt;</span> 
     </span>
     <span class='ocr_line' id='line_1_19' title="bbox 113 1389 1942 1455; baseline 0.006 -14"><span class='ocrx_word' id='word_1_155' title='bbox 113 1392 265 1442; x_wconf 84' lang='lat' dir='ltr'>bentis</span> <span class='ocrx_word' id='word_1_156' title='bbox 300 1395 488 1454; x_wconf 89' lang='lat' dir='ltr'>coloris,</span> <span class='ocrx_word' id='word_1_157' title='bbox 521 1389 718 1442; x_wconf 71' lang='lat' dir='ltr'>inferius</span> <span class='ocrx_word' id='word_1_158' title='bbox 754 1409 853 1441; x_wconf 91' lang='lat' dir='ltr'>non</span> <span class='ocrx_word' id='word_1_159' title='bbox 891 1395 1037 1455; x_wconf 88' lang='lat' dir='ltr'>longe</span> <span class='ocrx_word' id='word_1_160' title='bbox 1068 1393 1094 1443; x_wconf 72' lang='grc' dir='ltr'>ὲ</span> <span class='ocrx_word' id='word_1_161' title='bbox 1125 1398 1271 1445; x_wconf 85' lang='lat' dir='ltr'>cauda</span> <span class='ocrx_word' id='word_1_162' title='bbox 1289 1399 1387 1444; x_wconf 88' lang='lat' dir='ltr'>duae</span> <span class='ocrx_word' id='word_1_163' title='bbox 1409 1398 1542 1446; x_wconf 84' lang='lat' dir='ltr'>lineae</span> <span class='ocrx_word' id='word_1_164' title='bbox 1565 1399 1825 1450; x_wconf 76' lang='lat' dir='ltr'>transversa:</span> <span class='ocrx_word' id='word_1_165' title='bbox 1843 1402 1942 1451; x_wconf 67' lang='lat' dir='ltr'>fere</span> 
     </span>
     <span class='ocr_line' id='line_1_20' title="bbox 110 1455 1352 1523; baseline 0.003 -18"><span class='ocrx_word' id='word_1_166' title='bbox 110 1458 345 1523; x_wconf 79' lang='lat' dir='ltr'>contiguae</span> <span class='ocrx_word' id='word_1_167' title='bbox 363 1456 390 1506; x_wconf 76' lang='grc' dir='ltr'>ὲ</span> <span class='ocrx_word' id='word_1_168' title='bbox 410 1459 529 1521; x_wconf 88' lang='lat' dir='ltr'>pede</span> <span class='ocrx_word' id='word_1_169' title='bbox 546 1459 603 1506; x_wconf 87' lang='lat' dir='ltr'>ad</span> <span class='ocrx_word' id='word_1_170' title='bbox 621 1458 788 1520; x_wconf 89' lang='lat' dir='ltr'>pedem</span> <span class='ocrx_word' id='word_1_171' title='bbox 807 1455 994 1505; x_wconf 89' lang='lat' dir='ltr'>dorsum</span> <span class='ocrx_word' id='word_1_172' title='bbox 1017 1458 1352 1509; x_wconf 76' lang='lat' dir='ltr'>transcurrunt.</span> 
     </span>
     <span class='ocr_line' id='line_1_21' title="bbox 178 1518 1940 1592; baseline 0.006 -22"><span class='ocrx_word' id='word_1_173' title='bbox 178 1522 303 1570; x_wconf 87' lang='lat' dir='ltr'>Maii</span> <span class='ocrx_word' id='word_1_174' title='bbox 320 1524 483 1571; x_wconf 71' lang='lat' dir='ltr'>mensis</span> <span class='ocrx_word' id='word_1_175' title='bbox 501 1535 600 1583; x_wconf 85' lang='lat' dir='ltr'>14t0</span> <span class='ocrx_word' id='word_1_176' title='bbox 623 1522 698 1569; x_wconf 87' lang='lat' dir='ltr'>die</span> <span class='ocrx_word' id='word_1_177' title='bbox 713 1518 808 1582; x_wconf 88' lang='lat' dir='ltr'>jam</span> <span class='ocrx_word' id='word_1_178' title='bbox 831 1536 954 1583; x_wconf 87' lang='lat' dir='ltr'>pene</span> <span class='ocrx_word' id='word_1_179' title='bbox 973 1524 1179 1571; x_wconf 82' lang='lat' dir='ltr'>adultam</span> <span class='ocrx_word' id='word_1_180' title='bbox 1205 1525 1367 1573; x_wconf 87' lang='lat' dir='ltr'>inveni</span> <span class='ocrx_word' id='word_1_181' title='bbox 1402 1526 1453 1572; x_wconf 90' lang='lat' dir='ltr'>in</span> <span class='ocrx_word' id='word_1_182' title='bbox 1485 1527 1823 1592; x_wconf 84' lang='lat' dir='ltr'>Oxyacantha,</span> <span class='ocrx_word' id='word_1_183' title='bbox 1854 1528 1940 1581; x_wconf 75' lang='lat' dir='ltr'>sal·-</span> 
     </span>
     <span class='ocr_line' id='line_1_22' title="bbox 94 1584 1830 1654; baseline 0.005 -19"><span class='ocrx_word' id='word_1_184' title='bbox 94 1598 208 1638; x_wconf 13' lang='lat' dir='ltr'>rtem</span> <span class='ocrx_word' id='word_1_185' title='bbox 227 1584 252 1634; x_wconf 76' lang='grc' dir='ltr'>ὲ</span> <span class='ocrx_word' id='word_1_186' title='bbox 269 1584 376 1650; x_wconf 88' lang='lat' dir='ltr'>sepe</span> <span class='ocrx_word' id='word_1_187' title='bbox 398 1602 502 1638; x_wconf 83' lang='lat' dir='ltr'>eam</span> <span class='ocrx_word' id='word_1_188' title='bbox 521 1584 691 1636; x_wconf 80' lang='lat' dir='ltr'>decuffi</span> <span class='ocrx_word' id='word_1_189' title='bbox 710 1586 759 1637; x_wconf 83' lang='lat' dir='ltr'>iu</span> <span class='ocrx_word' id='word_1_190' title='bbox 783 1599 875 1647; x_wconf 85' lang='lat' dir='ltr'>qua</span> <span class='ocrx_word' id='word_1_191' title='bbox 889 1587 1099 1649; x_wconf 88' lang='lat' dir='ltr'>plerique</span> <span class='ocrx_word' id='word_1_192' title='bbox 1121 1587 1309 1640; x_wconf 83' lang='lat' dir='ltr'>frutices</span> <span class='ocrx_word' id='word_1_193' title='bbox 1331 1590 1830 1654; x_wconf 75' lang='lat' dir='ltr'>Oxyacanthaeerant.</span> 
     </span>
    </p>
   </div>
   <div class='ocr_carea' id='block_1_5' title="bbox 108 1724 1938 1854">
    <p class='ocr_par' dir='ltr' id='par_1_5' title="bbox 108 1724 1938 1854">
     <span class='ocr_line' id='line_1_23' title="bbox 108 1724 1938 1791; baseline 0.004 -21"><span class='ocrx_word' id='word_1_194' title='bbox 108 1729 151 1774; x_wconf 86' lang='lat'>6.</span> <span class='ocrx_word' id='word_1_195' title='bbox 187 1730 323 1774; x_wconf 82' lang='lat' dir='ltr'>Eruca</span> <span class='ocrx_word' id='word_1_196' title='bbox 338 1730 551 1772; x_wconf 71' lang='lat' dir='ltr'>Geometra</span> <span class='ocrx_word' id='word_1_197' title='bbox 567 1738 720 1788; x_wconf 83' lang='lat' dir='ltr'>corpore</span> <span class='ocrx_word' id='word_1_198' title='bbox 754 1724 867 1789; x_wconf 61' lang='lat' dir='ltr'>lango</span> <span class='ocrx_word' id='word_1_199' title='bbox 897 1724 1084 1788; x_wconf 79' lang='lat' dir='ltr'>angusta,</span> <span class='ocrx_word' id='word_1_200' title='bbox 1118 1724 1266 1772; x_wconf 81' lang='lat' dir='ltr'>mediae</span> <span class='ocrx_word' id='word_1_201' title='bbox 1288 1728 1610 1790; x_wconf 71' lang='lat' dir='ltr'>magnitudinis,</span> <span class='ocrx_word' id='word_1_202' title='bbox 1641 1727 1938 1791; x_wconf 71' lang='lat' dir='ltr'>Groffitlariam</span> 
     </span>
     <span class='ocr_line' id='line_1_24' title="bbox 169 1788 1935 1854; baseline 0.004 -16"><span class='ocrx_word' id='word_1_203' title='bbox 169 1788 401 1854; x_wconf 73' lang='lat' dir='ltr'>depascens,</span> <span class='ocrx_word' id='word_1_204' title='bbox 434 1789 556 1837; x_wconf 86' lang='lat' dir='ltr'>colore</span> <span class='ocrx_word' id='word_1_205' title='bbox 595 1793 765 1851; x_wconf 80' lang='lat' dir='ltr'>cinereo,</span> <span class='ocrx_word' id='word_1_206' title='bbox 819 1789 941 1836; x_wconf 79' lang='lat' dir='ltr'>lineis</span> <span class='ocrx_word' id='word_1_207' title='bbox 969 1788 1190 1853; x_wconf 73' lang='lat' dir='ltr'>subfulvis</span> <span class='ocrx_word' id='word_1_208' title='bbox 1226 1794 1497 1853; x_wconf 70' lang='lat' dir='ltr'>intermixtis,</span> <span class='ocrx_word' id='word_1_209' title='bbox 1530 1795 1703 1843; x_wconf 61' lang='lat' dir='ltr'>maculis</span> <span class='ocrx_word' id='word_1_210' title='bbox 1739 1799 1782 1843; x_wconf 83' lang='lat' dir='ltr'>in</span> <span class='ocrx_word' id='word_1_211' title='bbox 1803 1797 1935 1846; x_wconf 78' lang='lat' dir='ltr'>medio</span> 
     </span>
    </p>
   </div>
   <div class='ocr_carea' id='block_1_6' title="bbox 169 1853 421 1916">
    <p class='ocr_par' dir='ltr' id='par_1_6' title="bbox 169 1853 421 1916">
     <span class='ocr_line' id='line_1_25' title="bbox 169 1853 421 1916; baseline 0.008 -15"><span class='ocrx_word' id='word_1_212' title='bbox 169 1853 282 1916; x_wconf 81' lang='lat' dir='ltr'>dorso</span> <span class='ocrx_word' id='word_1_213' title='bbox 304 1854 421 1905; x_wconf 50' lang='lat' dir='ltr'>albii.</span> 
     </span>
    </p>
   </div>
   <div class='ocr_carea' id='block_1_7' title="bbox 104 1971 1929 2101">
    <p class='ocr_par' dir='ltr' id='par_1_7' title="bbox 104 1971 1929 2101">
     <span class='ocr_line' id='line_1_26' title="bbox 104 1971 1929 2097; baseline 0 -74"><span class='ocrx_word' id='word_1_214' title='bbox 104 1973 436 2097; x_wconf 81' lang='lat' dir='ltr'>MAculae</span> <span class='ocrx_word' id='word_1_215' title='bbox 455 1972 569 2020; x_wconf 84' lang='lat' dir='ltr'>albae</span> <span class='ocrx_word' id='word_1_216' title='bbox 585 1973 636 2021; x_wconf 91' lang='lat' dir='ltr'>in</span> <span class='ocrx_word' id='word_1_217' title='bbox 656 1972 839 2034; x_wconf 73' lang='lat' dir='ltr'>singulis</span> <span class='ocrx_word' id='word_1_218' title='bbox 861 1971 997 2020; x_wconf 85' lang='lat' dir='ltr'>annis</span> <span class='ocrx_word' id='word_1_219' title='bbox 1037 1971 1222 2033; x_wconf 83' lang='lat' dir='ltr'>fingulae</span> <span class='ocrx_word' id='word_1_220' title='bbox 1250 1973 1500 2023; x_wconf 86' lang='lat' dir='ltr'>rhombum</span> <span class='ocrx_word' id='word_1_221' title='bbox 1520 1975 1779 2040; x_wconf 85' lang='lat' dir='ltr'>oblongum</span> <span class='ocrx_word' id='word_1_222' title='bbox 1809 1979 1929 2028; x_wconf 81' lang='lat' dir='ltr'>refe..</span> 
     </span>
     <span class='ocr_line' id='line_1_27' title="bbox 304 2034 1927 2101; baseline 0.004 -15"><span class='ocrx_word' id='word_1_223' title='bbox 304 2051 430 2097; x_wconf 87' lang='lat' dir='ltr'>runt,</span> <span class='ocrx_word' id='word_1_224' title='bbox 461 2034 671 2100; x_wconf 88' lang='lat' dir='ltr'>superior</span> <span class='ocrx_word' id='word_1_225' title='bbox 693 2049 848 2085; x_wconf 88' lang='lat' dir='ltr'>autem</span> <span class='ocrx_word' id='word_1_226' title='bbox 872 2036 1092 2083; x_wconf 86' lang='lat' dir='ltr'>medietas</span> <span class='ocrx_word' id='word_1_227' title='bbox 1113 2037 1236 2084; x_wconf 88' lang='lat' dir='ltr'>linea</span> <span class='ocrx_word' id='word_1_228' title='bbox 1251 2038 1370 2096; x_wconf 82' lang='lat' dir='ltr'>rufa,</span> <span class='ocrx_word' id='word_1_229' title='bbox 1403 2036 1480 2087; x_wconf 87' lang='lat' dir='ltr'>seu</span> <span class='ocrx_word' id='word_1_230' title='bbox 1499 2037 1648 2101; x_wconf 75' lang='lat' dir='ltr'>potius</span> <span class='ocrx_word' id='word_1_231' title='bbox 1667 2044 1838 2091; x_wconf 77' lang='lat' dir='ltr'>duabus</span> <span class='ocrx_word' id='word_1_232' title='bbox 1852 2062 1927 2092; x_wconf 89' lang='lat' dir='ltr'>ru-</span> 
     </span>
    </p>
   </div>
   <div class='ocr_carea' id='block_1_8' title="bbox 99 2100 1925 2229">
    <p class='ocr_par' dir='ltr' id='par_1_8' title="bbox 99 2100 1925 2229">
     <span class='ocr_line' id='line_1_28' title="bbox 99 2100 1925 2166; baseline 0.004 -16"><span class='ocrx_word' id='word_1_233' title='bbox 99 2104 149 2150; x_wconf 87' lang='lat' dir='ltr'>fis</span> <span class='ocrx_word' id='word_1_234' title='bbox 171 2102 221 2150; x_wconf 94' lang='lat' dir='ltr'>in</span> <span class='ocrx_word' id='word_1_235' title='bbox 240 2102 466 2166; x_wconf 81' lang='lat' dir='ltr'>angulum</span> <span class='ocrx_word' id='word_1_236' title='bbox 505 2114 693 2150; x_wconf 88' lang='lat' dir='ltr'>acutum</span> <span class='ocrx_word' id='word_1_237' title='bbox 726 2100 1000 2164; x_wconf 86' lang='lat' dir='ltr'>coeuntibus</span> <span class='ocrx_word' id='word_1_238' title='bbox 1034 2100 1319 2158; x_wconf 74' lang='lat' dir='ltr'>terminatur,</span> <span class='ocrx_word' id='word_1_239' title='bbox 1388 2102 1607 2153; x_wconf 84' lang='lat' dir='ltr'>Rostrum</span> <span class='ocrx_word' id='word_1_240' title='bbox 1628 2105 1836 2155; x_wconf 87' lang='lat' dir='ltr'>obtusum</span> <span class='ocrx_word' id='word_1_241' title='bbox 1859 2108 1925 2158; x_wconf 90' lang='lat' dir='ltr'>est</span> 
     </span>
     <span class='ocr_line' id='line_1_29' title="bbox 99 2162 1923 2229; baseline 0.003 -14"><span class='ocrx_word' id='word_1_242' title='bbox 99 2171 146 2215; x_wconf 84' lang='lat'>&amp;</span> <span class='ocrx_word' id='word_1_243' title='bbox 164 2167 294 2215; x_wconf 88' lang='lat' dir='ltr'>velut</span> <span class='ocrx_word' id='word_1_244' title='bbox 316 2166 526 2226; x_wconf 89' lang='lat' dir='ltr'>bifidum,</span> <span class='ocrx_word' id='word_1_245' title='bbox 575 2178 716 2228; x_wconf 85' lang='lat' dir='ltr'>caput</span> <span class='ocrx_word' id='word_1_246' title='bbox 734 2162 998 2228; x_wconf 87' lang='lat' dir='ltr'>supremum</span> <span class='ocrx_word' id='word_1_247' title='bbox 1021 2175 1190 2226; x_wconf 88' lang='lat' dir='ltr'>torque</span> <span class='ocrx_word' id='word_1_248' title='bbox 1212 2167 1390 2229; x_wconf 89' lang='lat' dir='ltr'>duplici</span> <span class='ocrx_word' id='word_1_249' title='bbox 1410 2170 1643 2216; x_wconf 88' lang='lat' dir='ltr'>anteriore</span> <span class='ocrx_word' id='word_1_250' title='bbox 1666 2169 1692 2218; x_wconf 81' lang='grc' dir='ltr'>ὲ</span> <span class='ocrx_word' id='word_1_251' title='bbox 1722 2171 1826 2220; x_wconf 92' lang='lat' dir='ltr'>rufo</span> <span class='ocrx_word' id='word_1_252' title='bbox 1849 2174 1923 2222; x_wconf 87' lang='lat' dir='ltr'>ni-</span> 
     </span>
    </p>
   </div>
   <div class='ocr_carea' id='block_1_9' title="bbox 95 2229 1916 2362">
    <p class='ocr_par' dir='ltr' id='par_1_9' title="bbox 95 2229 1916 2362">
     <span class='ocr_line' id='line_1_30' title="bbox 95 2229 1097 2297; baseline 0 -19"><span class='ocrx_word' id='word_1_253' title='bbox 95 2232 332 2297; x_wconf 84' lang='lat' dir='ltr'>gricante,</span> <span class='ocrx_word' id='word_1_254' title='bbox 363 2229 621 2293; x_wconf 89' lang='lat' dir='ltr'>posteriore</span> <span class='ocrx_word' id='word_1_255' title='bbox 642 2231 747 2279; x_wconf 85' lang='lat' dir='ltr'>alba</span> <span class='ocrx_word' id='word_1_256' title='bbox 766 2232 985 2292; x_wconf 86' lang='lat' dir='ltr'>cingitur.</span> <span class='ocrx_word' id='word_1_257' title='bbox 1095 2293 1097 2296; x_wconf 86' lang='lat'>.</span> 
     </span>
     <span class='ocr_line' id='line_1_31' title="bbox 163 2291 1916 2362; baseline -0.001 -18"><span class='ocrx_word' id='word_1_258' title='bbox 163 2294 506 2344; x_wconf 85' lang='lat' dir='ltr'>Groffulariam</span> <span class='ocrx_word' id='word_1_259' title='bbox 527 2291 804 2356; x_wconf 85' lang='lat' dir='ltr'>depascitur,</span> <span class='ocrx_word' id='word_1_260' title='bbox 837 2299 884 2343; x_wconf 84' lang='lat'>&amp;</span> <span class='ocrx_word' id='word_1_261' title='bbox 908 2293 1043 2356; x_wconf 79' lang='lat' dir='ltr'>junii</span> <span class='ocrx_word' id='word_1_262' title='bbox 1069 2296 1228 2344; x_wconf 86' lang='lat' dir='ltr'>menfis</span> <span class='ocrx_word' id='word_1_263' title='bbox 1256 2295 1396 2344; x_wconf 89' lang='lat' dir='ltr'>initio</span> <span class='ocrx_word' id='word_1_264' title='bbox 1418 2295 1672 2346; x_wconf 83' lang='lat' dir='ltr'>invenitur.</span> <span class='ocrx_word' id='word_1_265' title='bbox 1733 2298 1916 2362; x_wconf 60' lang='lat' dir='ltr'>Longi·</span> 
     </span>
    </p>
   </div>
   <div class='ocr_carea' id='block_1_10' title="bbox 94 2358 915 2410">
    <p class='ocr_par' dir='ltr' id='par_1_10' title="bbox 94 2358 915 2410">
     <span class='ocr_line' id='line_1_32' title="bbox 94 2358 915 2410; baseline -0.001 -2"><span class='ocrx_word' id='word_1_266' title='bbox 94 2361 209 2408; x_wconf 86' lang='lat' dir='ltr'>tudo</span> <span class='ocrx_word' id='word_1_267' title='bbox 232 2362 288 2408; x_wconf 91' lang='lat' dir='ltr'>ad</span> <span class='ocrx_word' id='word_1_268' title='bbox 311 2361 420 2408; x_wconf 85' lang='lat' dir='ltr'>duas</span> <span class='ocrx_word' id='word_1_269' title='bbox 435 2358 530 2408; x_wconf 78' lang='lat' dir='ltr'>fere</span> <span class='ocrx_word' id='word_1_270' title='bbox 546 2360 705 2408; x_wconf 87' lang='lat' dir='ltr'>uncias</span> <span class='ocrx_word' id='word_1_271' title='bbox 720 2361 915 2410; x_wconf 79' lang='lat' dir='ltr'>accedit.</span> 
     </span>
    </p>
   </div>
   <div class='ocr_carea' id='block_1_11' title="bbox 96 2482 1912 2602">
    <p class='ocr_par' dir='ltr' id='par_1_11' title="bbox 96 2482 1912 2602">
     <span class='ocr_line' id='line_1_33' title="bbox 96 2482 1912 2601; baseline 0 -62"><span class='ocrx_word' id='word_1_272' title='bbox 96 2506 143 2552; x_wconf 90' lang='grc'>7.</span> <span class='ocrx_word' id='word_1_273' title='bbox 158 2485 313 2538; x_wconf 67' lang='lat' dir='ltr'>⁸Eruci:</span> <span class='ocrx_word' id='word_1_274' title='bbox 330 2496 543 2539; x_wconf 76' lang='lat' dir='ltr'>Geometra</span> <span class='ocrx_word' id='word_1_275' title='bbox 566 2491 699 2553; x_wconf 80' lang='lat' dir='ltr'>major</span> <span class='ocrx_word' id='word_1_276' title='bbox 720 2486 1112 2601; x_wconf 41' lang='lat' dir='ltr'>cinerei-rubeseelns,</span> <span class='ocrx_word' id='word_1_277' title='bbox 1122 2502 1296 2601; x_wconf 66' lang='lat' dir='ltr'>hcorpore</span> <span class='ocrx_word' id='word_1_278' title='bbox 1316 2482 1696 2538; x_wconf 35' lang='lat' dir='ltr'>variis‘tuberculi&#39;r</span> <span class='ocrx_word' id='word_1_279' title='bbox 1708 2488 1768 2537; x_wconf 80' lang='lat' dir='ltr'>ad</span> <span class='ocrx_word' id='word_1_280' title='bbox 1786 2494 1912 2539; x_wconf 54' lang='lat' dir='ltr'>inter-³</span> 
     </span>
     <span class='ocr_line' id='line_1_34' title="bbox 778 2572 1209 2602; baseline 0.002 -2"><span class='ocrx_word' id='word_1_281' title='bbox 778 2572 840 2601; x_wconf 75' lang='lat' dir='ltr'>va</span> <span class='ocrx_word' id='word_1_282' title='bbox 878 2573 903 2601; x_wconf 84' lang='lat' dir='ltr'><em>a</em></span> <span class='ocrx_word' id='word_1_283' title='bbox 924 2572 1035 2601; x_wconf 82' lang='lat' dir='ltr'>annu</span> <span class='ocrx_word' id='word_1_284' title='bbox 1054 2573 1118 2601; x_wconf 78' lang='lat' dir='ltr'>ari</span> <span class='ocrx_word' id='word_1_285' title='bbox 1148 2572 1209 2602; x_wconf 71' lang='lat' dir='ltr'>m.</span> 
     </span>
    </p>
   </div>
   <div class='ocr_carea' id='block_1_12' title="bbox 95 2677 1908 2806">
    <p class='ocr_par' dir='ltr' id='par_1_12' title="bbox 95 2677 1908 2806">
     <span class='ocr_line' id='line_1_35' title="bbox 95 2677 1908 2806; baseline -0.001 -76"><span class='ocrx_word' id='word_1_286' title='bbox 95 2679 282 2806; x_wconf 83' lang='lat' dir='ltr'>INfra</span> <span class='ocrx_word' id='word_1_287' title='bbox 301 2694 440 2743; x_wconf 90' lang='lat' dir='ltr'>caput</span> <span class='ocrx_word' id='word_1_288' title='bbox 456 2677 593 2743; x_wconf 90' lang='lat' dir='ltr'>supra</span> <span class='ocrx_word' id='word_1_289' title='bbox 609 2678 862 2729; x_wconf 86' lang='lat' dir='ltr'>secundum</span> <span class='ocrx_word' id='word_1_290' title='bbox 880 2697 964 2743; x_wconf 87' lang='lat' dir='ltr'>par</span> <span class='ocrx_word' id='word_1_291' title='bbox 987 2682 1162 2743; x_wconf 86' lang='lat' dir='ltr'>pedum</span> <span class='ocrx_word' id='word_1_292' title='bbox 1181 2682 1438 2745; x_wconf 89' lang='lat' dir='ltr'>primorum</span> <span class='ocrx_word' id='word_1_293' title='bbox 1468 2684 1662 2731; x_wconf 83' lang='lat' dir='ltr'>annulus</span> <span class='ocrx_word' id='word_1_294' title='bbox 1692 2682 1908 2731; x_wconf 85' lang='lat' dir='ltr'>tubercu-</span> 
     </span>
    </p>
   </div>
   <div class='ocr_carea' id='block_1_13' title="bbox 191 2743 1907 2870">
    <p class='ocr_par' dir='ltr' id='par_1_13' title="bbox 191 2743 1907 2870">
     <span class='ocr_line' id='line_1_36' title="bbox 191 2743 1906 2857; baseline -0.002 -63"><span class='ocrx_word' id='word_1_295' title='bbox 191 2743 309 2795; x_wconf 87' lang='lat' dir='ltr'>losus</span> <span class='ocrx_word' id='word_1_296' title='bbox 341 2743 581 2796; x_wconf 79' lang='lat' dir='ltr'>rubescens</span> <span class='ocrx_word' id='word_1_297' title='bbox 616 2743 829 2809; x_wconf 86' lang='lat' dir='ltr'>supinam</span> <span class='ocrx_word' id='word_1_298' title='bbox 858 2747 1066 2809; x_wconf 85' lang='lat' dir='ltr'>corporis</span> <span class='ocrx_word' id='word_1_299' title='bbox 1098 2762 1284 2808; x_wconf 83' lang='lat' dir='ltr'>partem-</span> <span class='ocrx_word' id='word_1_300' title='bbox 1320 2746 1486 2808; x_wconf 82' lang='lat' dir='ltr'>cingit.</span> <span class='ocrx_word' id='word_1_301' title='bbox 1548 2744 1744 2796; x_wconf 77' lang='lat' dir='ltr'>Inferius</span> <span class='ocrx_word' id='word_1_302' title='bbox 1765 2747 1906 2857; x_wconf 55' lang='lat' dir='ltr'>paulo</span> 
     </span>
     <span class='ocr_line' id='line_1_37' title="bbox 1794 2824 1907 2870; baseline 0.027 -16"><span class='ocrx_word' id='word_1_303' title='bbox 1794 2824 1907 2870; x_wconf 75' lang='lat' dir='ltr'>upra</span> 
     </span>
    </p>
   </div>
  </div>
 </body>
</html>
