2322 3206
832 85 876 169 *c
921 81 1122 172 ωε)

102 273 178 319 ¹9·
209 250 369 318 Papilio
389 265 529 315 parva
560 248 580 299 ὲ
594 247 728 314 fulvo
759 247 816 304 όν
837 250 956 315 fufio
978 251 1144 314 bicolor,
1163 247 1296 316 fulvo
1324 249 1505 299 mediam
1523 248 1656 311 alam,
1678 251 1799 313 fhsco
1828 272 1919 301 oras

161 330 362 366 extremas
396 328 627 381 occupante,
659 333 752 362 cum
776 317 886 363 ocello
919 317 977 363 ad
1005 322 1209 364 extimam
1237 315 1437 379 angulum
1469 314 1633 362 alarum
1654 324 1916 368 exteriorum.

159 379 476 443 Papiliunculus
496 398 640 426 aureus
661 380 842 428 oculatus
865 386 909 429 in
928 385 1086 429 ericetis
1099 380 1311 445 frequens.
1375 375 1501 429 Mus.
1515 380 1615 429 Pet.
1639 395 1743 443 311.
1807 382 1917 432 The

154 443 286 496 small
307 444 468 494 Heath
491 445 731 509 Butterfly.

220 571 383 622 Ceilus
403 572 455 620 in
476 587 625 635 prona
645 571 880 636 praecipue
903 574 1080 622 alarum
1100 586 1232 636 parte
1253 573 1478 634 cernitur,
1510 567 1537 621 ἓ
1555 572 1730 625 duobus
1749 573 1918 622 circei-

149 688 167 697 ,
249 637 322 697 lis„
355 637 587 684 exteriore
601 637 778 699 albido,
810 639 1032 686 interiore
1046 637 1186 699 nIgro
1203 651 1310 686 cum
1330 640 1509 700 puncto
1529 638 1638 686 albo
1660 652 1746 700 pro
1761 638 1917 699 pupil-

91 700 136 747 la
153 701 207 749 in
235 712 398 749 centro
415 701 704 763 compofitus.
766 703 962 751 Alarum
983 703 1262 750 interiorum
1289 716 1440 764 prona
1460 697 1720 765 superficies
1740 700 1918 763 triplici

91 764 254 815 colore
271 765 461 826 infignis
487 764 570 825 est,
601 765 659 813 ab
675 778 842 815 exortu
858 767 915 814 ad
931 765 1139 814 medium
1153 764 1250 813 fere
1277 762 1423 825 fusc0,
1455 767 1626 815 deinde
1650 766 1831 813 macula
1850 762 1918 812 al-

91 827 220 889 bida,
253 842 353 876 tum
371 828 560 878 cinereo
582 826 869 890 obscuriore,
901 830 1090 878 tandem
1120 830 1177 877 ad
1204 829 1441 891 margines
1470 829 1684 879 clariore.
1749 831 1916 879 Extre-

93 905 193 952 mus
212 893 352 941 etiam
364 908 528 956 margo
548 890 719 956 supinae
731 889 991 956 superficiei
1007 893 1260 942 utriussibet
1273 894 1355 941 alae
1373 892 1597 943 cinereus.

156 957 218 1007 In
235 952 412 1019 pascuis
429 956 802 1020 frequentissimae
822 955 927 1008 sunt
949 973 1032 1020 per
1052 971 1200 1005 totam
1221 955 1317 1006 fere
1337 955 1552 1006 aestatem.

91 1103 169 1138 20.
202 1085 366 1152 Papilio
380 1100 521 1148 parva
542 1086 625 1133 alis
644 1085 908 1133 exterioribus
935 1089 1045 1132 circa
1065 1088 1271 1147 marginer
1296 1084 1617 1149 nigricantibus‚
1649 1083 1787 1132 media
1801 1096 1917 1148 parte

299 1151 398 1213 rufis
410 1149 537 1212 serici
554 1152 686 1213 instar
698 1149 1023 1214 splendentibus,
1056 1150 1231 1196 maculis
1248 1150 1381 1212 longis
1403 1155 1536 1214 nigris
1551 1150 1689 1212 pistis.

104 1283 108 1287 ’
236 1277 410 1327 Larum
431 1277 719 1326 exteriorum
733 1273 896 1338 supina
912 1273 1051 1324 facies
1071 1272 1150 1324 sex
1165 1276 1358 1325 maculis
1372 1277 1521 1340 nigris
1544 1277 1775 1339 pingitur,
1802 1290 1917 1337 qua-

87 1282 230 1402 Α
266 1358 369 1391 rum
390 1343 488 1390 duae
502 1337 647 1389 tresve
662 1341 861 1402 geminae
882 1340 1128 1402 videntur3
1161 1341 1212 1389 in
1230 1356 1383 1403 prona
1398 1339 1638 1405 superficie
1654 1355 1827 1389 novem
1839 1353 1919 1388 aut

88 1405 253 1456 decem
282 1407 476 1456 maculae
510 1418 831 1464 numerantur,
876 1417 1042 1467 praeter
1075 1416 1165 1453 tres
1194 1402 1454 1468 quatuorve
1486 1403 1638 1454 versus
1667 1420 1802 1453 oram
1823 1405 1918 1453 alae.

84 1468 337 1533 Interiores
356 1473 437 1520 alae
454 1482 619 1534 praeter
637 1469 843 1517 areolam
862 1465 1164 1517 transversam
1187 1471 1245 1517 ad
1260 1470 1409 1518 imum
1430 1471 1694 1533 marginem
1724 1469 1920 1528 fulvam,

84 1530 252 1597 supina
286 1533 531 1600 superficie
553 1547 653 1582 tota
677 1533 841 1596 pullae:
888 1533 947 1582 In
969 1533 1127 1581 areola
1154 1531 1282 1581 fulva
1316 1535 1374 1583 ad
1403 1536 1546 1583 imam
1574 1549 1706 1585 oram
1728 1552 1760 1596 4
1781 1536 1857 1583 vel
1890 1549 1913 1596 5

83 1601 259 1663 punem
281 1601 422 1663 nigra
441 1611 698 1648 cernuntur
720 1615 733 1646 ε
766 1599 924 1646 Prona
940 1595 1061 1645 facie
1079 1595 1105 1645 ὲ
1121 1596 1249 1646 fulvo
1272 1596 1583 1663 cinerascunt‚
1613 1600 1794 1663 punstis
1812 1599 1919 1662 plu·

86 1663 211 1714 ribus
230 1662 256 1711 ὲ
278 1664 385 1714 rufo
406 1662 763 1725 nigricantibus,
796 1661 927 1710 nullo
942 1662 1108 1710 ordine
1125 1662 1281 1724 pofitis
1301 1664 1450 1726 pistae.

152 1728 211 1780 In
230 1726 408 1792 pascuis
423 1728 481 1776 ad
497 1723 622 1789 sepes
632 1726 764 1789 Julio
780 1721 939 1774 mense
957 1739 1160 1775 exeunte
1180 1727 1357 1776 inveni.

147 1793 336 1855 Papilio
351 1794 509 1842 minor
520 1807 700 1851 aureus,
731 1805 792 1839 ex
812 1791 953 1853 nigro
975 1791 1334 1854 permaculatus,
1366 1789 1483 1850 Maſs
1502 1796 1589 1840 Pet.
1616 1810 1722 1856 317.
1766 1789 1917 1843 Recte}

84 1859 448 1916 permaculatam
479 1869 646 1917 vocat,
693 1870 804 1903 nam
831 1858 1024 1905 maculae
1058 1856 1204 1918 nigrae
1238 1857 1332 1904 alas
1361 1862 1675 1918 permeant&
1696 1859 1918 1920 utrinque

82 1934 352 1970 cernuntur.

84 2073 161 2108 21.
193 2055 355 2122 Papilio
386 2059 583 2114 minima,
630 2055 710 2102 alis
741 2067 830 2100 tam
855 2051 984 2117 fitpra
1016 2054 1144 2116 qua‘m
1163 2050 1308 2114 subtus
1325 2052 1494 2117 fulvis³
1542 2056 1654 2105 linea*
1683 2059 1916 2119 nigricante

507 2120 672 2182 ciuilis,
703 2130 879 2166 extremo
899 2119 1064 2166 tantam
1082 2123 1269 2181 margine
1282 2118 1506 2182 luteJeente.

80 2241 192 2358 ΙΝ
228 2243 391 2291 mediis
429 2241 512 2290 alis
549 2238 857 2291 exterioribus
885 2239 1010 2288 linea
1038 2235 1280 2288 latiuscula
1312 2240 1505 2302 obliqua
1537 2243 1674 2306 nigra
1695 2243 1916 2294 cernitur.

175 2307 362 2369 Corpus
388 2303 586 2368 superne
615 2304 833 2366 nigricat.
899 2303 1000 2352 Alae
1029 2304 1284 2352 exteriores
1312 2320 1461 2366 prona
1496 2302 1738 2368 superficie
1762 2307 1913 2369 fulvae,

83 2368 326 2419 interiores
344 2367 576 2430 subluteae,
610 2365 688 2416 seu
704 2367 1041 2428 luteo-virideS,
1075 2369 1267 2418 maculis
1280 2368 1569 2432 luteispiekae.

142 2433 258 2496 Julii
277 2435 417 2483 initio
438 2436 489 2482 in
507 2429 697 2497 pascuis.

85 2546 162 2580 22.
196 2530 358 2593 Papilio
391 2535 592 2593 minima,
636 2528 719 2577 alis
754 2531 946 2589 utrinque
965 2526 1135 2591 fulvis,
1180 2526 1326 2593 absque
1357 2528 1467 2578 lineo
1499 2532 1737 2597 transveifiz
1774 2541 1914 2598 nigra,

668 2593 926 2654 marginibus
948 2596 1157 2640 duntaxat
1178 2598 1327 2656 nigris.
1898 2594 1903 2597 ’

84 2691 199 2799 ‘A
215 2690 317 2738 ΜΕ
344 2683 456 2737 huic
477 2681 672 2750 superne
695 2683 828 2733 fulvae
849 2685 987 2733 'linea
1019 2686 1286 2748 nigricante
1310 2688 1524 2752 ambitae,
1559 2692 1736 2744 fimbria
1764 2710 1914 2744 extrea

246 2767 324 2803 ma
348 2752 612 2814 albicante,
659 2749 789 2799 nulla
820 2750 872 2799 in
907 2750 1064 2799 medio
1099 2747 1350 2808 transversa
1384 2754 1509 2805 linea
1536 2759 1700 2818 nigra:
1747 2762 1915 2812 subm,

1817 2827 1915 2876 Aia?
