2322 3206
903 160 936 202 2
1131 156 1134 159 .

114 268 189 314 19.
222 245 492 311 Bombylius
520 246 677 296 minor
707 138 874 310 nigei,
902 160 1041 298 fasciz
1066 138 1230 298 c)ollari
1254 244 1508 307 albicante,
1541 246 1792 299 abdomine
1821 239 1871 299 e*

172 314 285 361 tiam
303 312 522 373 utrinque
539 312 746 374 pilorum
770 312 1027 361 albentium
1047 314 1195 362 limbo
1211 311 1287 362 seu
1306 314 1522 375 margine
1539 314 1711 361 cincto.

106 377 205 427 Has
228 389 361 425 notas
377 377 407 424 fi
427 377 636 426 attendas
650 376 862 427 ulteriori
877 375 1192 442 descriptione
1211 393 1312 428 non
1327 378 1538 442 indigere
1547 375 1781 440 agnosces.

770 506 848 556 De
887 503 929 558 C
930 500 1143 560 rabrone.

145 631 324 687 Rabr0‚
356 631 529 681 Graecis
547 634 715 690 Ἀνθςῑαὶ,
746 633 813 680 the
832 633 1010 682 Hornet.
1073 630 1229 696 Vespa
1248 633 1428 697 vulgari
1445 633 1586 696 duplo
1608 626 1756 693 major
1777 627 1865 677 est·-

174 693 328 744 forma.
349 696 408 743 ad
437 695 588 758 ipsam
618 698 861 757 accedenS,
893 699 975 746 nisi
1031 693 1124 745 uod
1148 713 1237 759 pro
1260 699 1582 760 magnitudine
1606 691 1745 758 paulo
1760 694 1865 741 lon-

36 760 140 823 gior
161 757 253 808 effe
273 760 502 820 videatur,
535 761 798 809 abdominis
817 762 977 811 colore
996 712 1236 810 ‘flaturatius
1258 763 1391 810 flavo.
1454 763 1643 824 Caput,
1676 756 1754 805 seu
1776 772 1861 818 po-

33 820 122 872 tius
149 822 291 873 facies
324 825 583 886 oblongum
607 839 863 887 croceum5
897 825 1026 873 oculi
1050 826 1309 888 prominuli
1337 826 1564 885 lunulati‚
1596 825 1718 871 inter
1749 835 1863 882 quos

17 888 271 939 ,Antennae
303 888 402 935 duae
440 889 689 949 oriuntur,
733 889 974 938 verticillis
1017 905 1077 936 10
1110 889 1406 952 compofitae,
1449 902 1650 951 quorum
1679 887 1864 934 ultimus
1895 904 1901 905 ff

17 967 184 1016 ‘prope
201 962 342 1014 caput
362 967 495 1001 ramo
512 953 679 1002 mobili
711 950 887 1002 affabre
912 950 1143 1015 jungitur,
1176 967 1229 1003 ut
1256 954 1383 1003 velut
1413 968 1564 1003 cornu
1586 947 1863 1013 complicari

29 1029 184 1078 queat.

32 1139 39 1145 ι
99 1081 300 1132 Thorax
321 1096 495 1145 pronus
521 1085 568 1130 δε
585 1078 775 1144 supinus
801 1079 996 1131 obscure
1015 1077 1144 1132 fusco
1158 1079 1238 1132 seu
1259 1079 1474 1133 castaneo
1490 1080 1651 1130 colore
1676 1078 1864 1134 timaus,

33 1145 141 1208 pilis
174 1143 328 1206 fulvis,
363 1160 413 1194 ut
447 1150 493 1195 ἅτ
527 1159 668 1208 caput
696 1151 743 1195 δε
778 1159 930 1194 totum
957 1162 1144 1213 corpus,
1176 1144 1384 1195 hirsutus.
1450 1145 1701 1195 Abdomen
1728 1142 1861 1189 tenui

31 1209 159 1270 quasi
177 1209 258 1258 filo
272 1210 454 1257 thoraci
476 1211 756 1271 annectitur,
788 1207 917 1273 cujus
940 1211 1144 1259 anterior
1170 1227 1272 1273 pars
1292 1207 1420 1258 fusco
1443 1207 1521 1257 seu
1538 1206 1756 1256 castaneo
1781 1220 1863 1252 co·-

27 1272 148 1332 lore,
177 1276 226 1321 δε
245 1275 442 1336 cingulo
459 1288 631 1322 croceo
647 1287 853 1334 notatur,
887 1273 1118 1336 posterior
1134 1289 1308 1322 croceo
1325 1289 1433 1322 cum
1455 1274 1598 1321 tribus
1620 1270 1755 1318 lineis
1777 1283 1861 1317 an-

27 1336 271 1386 nularibus
286 1336 529 1396 castaneiS,
560 1336 588 1386 ὲ
612 1353 810 1399 quarum
830 1339 1066 1386 anteriore
1090 1338 1353 1399 procedunt
1374 1350 1464 1384 tres
1484 1335 1666 1384 lineolae
1682 1334 1862 1390 crestae,

29 1413 227 1461 quarum
247 1402 402 1450 media
425 1400 630 1448 castanei
651 1400 718 1450 est
744 1401 934 1461 coloris,
965 1401 1174 1464 laterales
1195 1401 1321 1461 nigri
1336 1420 1352 1461 ‚-
1384 1400 1442 1446 ad
1469 1399 1745 1460 posteriores
1774 1396 1864 1442 sm-

29 1464 161 1526 gulas
179 1463 207 1492 θ’
224 1465 319 1513 duo
340 1466 514 1526 puncta
534 1465 692 1528 nigra,
724 1464 839 1513 hinc
861 1462 1153 1514 indeunum.
1217 1465 1320 1514 Alae
1335 1465 1487 1524 longae
1508 1459 1710 1525 angustae
1723 1495 1741 1520 ,
1770 1457 1864 1507 ful-

29 1533 91 1577 vo
107 1526 270 1577 colore
289 1530 462 1588 ti-necae,
493 1529 660 1589 quibus
680 1527 962 1579 velociffime
982 1529 1126 1578 volat.
1825 1586 1838 1596 .

92 1592 152 1640 In
172 1592 318 1641 cauda
340 1593 506 1641 aculeo
532 1593 680 1656 longo
710 1591 899 1642 robusto
921 1605 1125 1644 armatur
1139 1628 1157 1652 ‚
1189 1593 1242 1641 in
1263 1588 1390 1655 cujus
1424 1602 1638 1640 extremo
1668 1588 1862 1648 liqu0r1s

25 1656 249 1719 pellucidi
268 1658 502 1720 guttulam
517 1655 774 1719 observavi,
795 1673 935 1719 quam
951 1674 1034 1720 per
1051 1657 1300 1705 cavitatem
1315 1655 1467 1704 aculei
1483 1652 1683 1714 fistulofi,
1696 1666 1861 1713 quam-

26 1720 167 1769 visin
189 1719 374 1769 dorsum
393 1717 679 1782 resupinatus
693 1722 936 1784 prolibitu
953 1722 1233 1770 emittere&
1254 1716 1493 1768 resorbere
1513 1718 1681 1780 potuit.
1746 1716 1862 1762 For-

23 1784 152 1847 cipes
173 1786 268 1833 oris
289 1785 432 1834 tribus
447 1786 615 1846 finguli
630 1785 875 1838 denticulis
890 1785 942 1833 in
957 1786 1179 1846 margine,
1194 1782 1404 1832 instructi
1422 1794 1568 1832 erant.
1621 1781 1859 1830 Antennae

26 1863 87 1897 ex
109 1846 268 1897 nostra
296 1845 619 1899 observatione
651 1848 777 1899 infra
798 1850 1025 1914 angulum
1047 1847 1126 1898 seu
1149 1849 1395 1897 articulum
1416 1846 1523 1895 flavi
1537 1882 1554 1906 ‚
1584 1840 1721 1907 supra
1742 1841 1860 1900 rufi,

27 1915 75 1963 δε
95 1928 182 1976 pro
202 1913 475 1963 animalculi
505 1912 640 1964 libitu
674 1914 870 1964 mobiles
891 1910 1123 1964 flexilesve
1150 1930 1162 1962 :
1193 1913 1333 1974 pedes
1355 1911 1590 1960 anteriore
1621 1919 1754 1971 parte
1775 1920 1860 1953 an-

28 1977 181 2026 tennis
197 1978 488 2026 concolores,

90 2041 194 2091 Alae
212 2042 472 2090 anteriores
491 2040 683 2103 quando
697 2035 895 2101 quiescit
911 2052 991 2087 aut
1011 2050 1166 2102 reptat
1184 2038 1543 2101 complicantur.

91 2106 158 2155 D.
180 2107 302 2161 Joan.
336 2105 384 2152 de
416 2103 610 2153 Muralto
643 2102 894 2166 descriptio
934 2104 1198 2152 anatomica
1221 2101 1509 2160 Crabronis‚
1543 2113 1641 2161 quae
1663 2095 1859 2145 habetur

25 2170 225 2233 Ephem.
242 2170 470 2219 German.
503 2186 578 2218 an.
597 2188 617 2218 1
630 2187 669 2218 1.
702 2165 900 2217 Observ.
921 2173 992 2230 56.
1026 2166 1221 2215 nostrati
1237 2165 1477 2215 Crabroni
1500 2179 1598 2211 non
1616 2161 1858 2210 convenit.

88 2236 235 2282 Favos
256 2235 345 2282 five
371 2235 638 2284 Anthrenia
669 2232 851 2292 (inquit
868 2230 1124 2294 Mouffitus)
1157 2228 1332 2292 majore
1350 2227 1491 2292 quam
1510 2227 1584 2275 vel
1602 2228 1747 2287 Ape5‚
1782 2223 1857 2271 vel

28 2295 188 2360 Vespae
211 2298 440 2358 artifici0‚
476 2313 604 2346 nunc
628 2299 680 2346 in
707 2298 927 2344 arborum
948 2298 1154 2355 truncis,
1187 2311 1316 2343 nunc
1336 2291 1417 2342 sub
1438 2307 1598 2342 earum
1627 2288 1858 2337 radicibus

27 2362 79 2410 in
95 2375 219 2410 terra
240 2362 487 2421 aedificant,
518 2377 632 2423 quos
655 2365 700 2408 δε
718 2360 922 2421 pluribus
941 2359 1154 2407 tabulatis
1189 2357 1367 2420 [quinis
1387 2372 1464 2404 aut
1484 2352 1625 2415 senis]
1659 2357 1705 2402 &
1728 2354 1855 2400 lenta

24 2427 227 2487 ,quadam
258 2423 404 2474 saliva
437 2424 463 2472 ὲ
482 2425 727 2487 gummofis
752 2421 873 2472 foliis
896 2424 1092 2471 collecta
1110 2424 1351 2485 eleganter
1373 2422 1572 2484 poliunt.
1594 2468 1600 2471 ,
1636 2417 1752 2465 Sunt
1773 2431 1856 2462 au-

23 2503 123 2538 tem
140 2504 296 2538 earum
314 2490 415 2538 nidi
433 2486 512 2538 seu
529 2489 704 2538 cellulae
719 2485 821 2535 *fere
839 2503 998 2536 omnes
1015 2485 1352 2548 sexangulares,
1386 2499 1583 2546 quorum
1611 2479 1752 2557 facies
1773 2494 1856 2527 ex-

24 2554 170 2602 terior
192 2554 401 2601 candidis
419 2550 787 2616 ferrugineisque
808 2549 1057 2613 segmentis
1078 2549 1290 2599 distincia
1308 2570 1324 2611 3
1355 2549 1550 2597 materia
1578 2561 1690 2594 vero
1708 2560 1857 2592 mem-

25 2616 271 2677 branacea,
303 2621 350 2665 δε
376 2618 616 2666 Betulacei
639 2618 825 2665 corticis
848 2633 929 2677 per
964 2614 1117 2663 aestum
1152 2617 1203 2662 in
1238 2614 1439 2661 lamellas
1471 2606 1724 2659 fatiscentis
1749 2623 1854 2668 per-

29 2680 203 2727 aemula.
267 2681 559 2730 Cellularum
575 2679 731 2729 oscula
749 2683 876 2727 nulla
889 2678 1061 2728 sursum
1078 2677 1303 2741 spectant,
1335 2675 1411 2725 sed
1433 2672 1646 2724 deorsum
1665 2672 1856 2733 fingula,

83 2815 108 2841 ᾗ
137 2814 182 2855 In
204 2815 339 2866 supina
360 2814 457 2856 facie
481 2814 669 2864 intellige.

803 2868 898 2918 Kk
1800 2864 1860 2914 nt}
