2322 3206
831 71 1120 162 (331)

64 166 318 232 albicante}
333 171 575 240 apparentj
609 175 811 227 albicans
828 193 922 227 una
948 178 1145 226 notabili
1168 173 1232 226 est
1246 178 1505 228 latitudine.⁴

128 247 202 293 Ex
224 245 374 290 Eruca
391 238 564 302 pallide
583 241 706 289 lutea
726 242 777 292 in
799 242 1040 292 Aureliam
1057 244 1279 304 gracilem
1296 245 1551 304 oblongam
1572 245 1745 307 pullam
1777 248 1880 296 muss

62 320 157 355 tata
173 305 452 367 Septembris
468 305 607 354 initio
629 307 738 354 exit.
801 306 998 357 Salicem
1022 305 1265 357 latifoliam
1280 304 1552 368 depascitur.
1618 310 1770 360 Eruca
1792 311 1874 360 ista

63 371 196 418 valde
219 369 361 431 longa
378 365 444 416 est
460 371 505 416 &
526 369 726 430 gracilis.
1481 392 1490 395 e

60 520 137 564 29.
171 503 371 552 Phalaena
397 506 530 549 minor
551 504 709 567 fhlva,
740 518 830 551 tum
848 520 997 566 corpore
1016 519 1104 552 tum
1134 507 1214 553 alis
1235 506 1494 553 exterioribus
1517 510 1703 568 margine
1726 510 1883 553 extima

318 566 539 629 albicante,
571 587 663 615 cum
673 571 820 631 puneffo
835 574 952 632 nigro
965 584 1080 633 prope
1101 570 1278 616 mediam
1300 570 1612 631 longitudinem.

62 681 236 799 lera
255 687 478 744 punctum
498 687 594 733 duae
609 686 740 733 lineae
765 686 1048 747 nigricantes
1057 685 1248 747 oblique
1265 684 1521 735 transversae
1540 688 1790 747 diligenter
1806 681 1878 733 in-

149 747 297 794 tuenti
317 749 398 794 vix
428 746 739 796 discernendae
758 749 1000 796 habentur.
1065 750 1164 797 Alae
1195 751 1436 798 interiores
1458 747 1621 810 supina
1638 748 1878 812 superficie

60 806 361 856 cinerascunt.
424 812 516 858 Pili
536 812 769 873 longiores
801 809 996 872 scapulis
1024 808 1312 861 innascentes
1335 814 1683 861 rubicundiores
1700 811 1803 859 sunt
1825 813 1880 858 iis

62 888 161 983 qibae
192 871 421 933 reliquum
445 889 611 938 corpus
631 873 843 924 vestiunt.
907 875 1083 922 Vittam
1113 873 1253 923 habet
1291 877 1344 923 in
1383 875 1537 923 fronte
1575 872 1876 923 transversam

61 951 86 982 a
139 950 228 985 am.
1636 950 1640 972 1

64 1076 134 1123 30.
170 1057 367 1109 Phalaena
384 1061 520 1108 media
538 1064 618 1110 alis
635 1063 896 1113 exterioribus
914 1062 1091 1125 oblongis
1108 1064 1228 1111 colore
1247 1062 1511 1123 coereclefhente
1522 1061 1688 1123 amaem,
1719 1060 1877 1109 lineolis

455 1125 560 1172 albis
584 1125 640 1177 c&
658 1133 791 1191 nigris
813 1130 960 1175 crebris
979 1127 1246 1189 pulcherrim&
1263 1132 1493 1189 variegato.

117 1186 402 1247 Transcrihed.

170 1251 302 1313 Aput
322 1254 369 1299 δε
391 1249 585 1315 scapulae
604 1255 667 1302 eis
693 1255 926 1302 coloribus
950 1256 1206 1316 pinguntur
1226 1270 1237 1301 ε
1272 1254 1515 1302 oculorum
1539 1248 1633 1298 scil.
1656 1251 1790 1311 regio
1807 1248 1880 1294 ni-

198 1329 295 1374 gra.
362 1315 602 1369 Summum
635 1330 773 1377 caput
799 1333 859 1363 ex
880 1316 987 1365 albo
1010 1315 1155 1364 dilute
1177 1315 1452 1375 coerulescit‚
1488 1312 1688 1374 ejusdem
1711 1312 1882 1360 coloris

62 1390 170 1423 area
198 1377 290 1423 lata
313 1375 567 1425 transversa
584 1376 790 1440 scapulas
806 1393 957 1438 notat,
989 1379 1112 1427 infra
1134 1394 1274 1439 quam
1290 1380 1419 1426 linea
1441 1379 1613 1438 pariter
1630 1370 1882 1423 transversa

29 1489 35 1495 ,
59 1439 199 1501 nigra
224 1461 240 1499 ‚-
277 1436 460 1488 dorsum
482 1442 733 1502 reliquum,
778 1455 1004 1503 quatenus
1032 1440 1168 1502 supra
1191 1444 1282 1489 alas
1313 1454 1523 1502 apparet,
1560 1453 1697 1488 coma
1718 1435 1795 1484 seu
1816 1436 1885 1482 la·

57 1516 186 1562 nugo
208 1503 474 1563 dependens
497 1504 642 1553 dilute
673 1507 878 1554 coerulea
899 1505 1097 1552 obvelat.
1159 1506 1424 1553 Exteriores
1444 1504 1620 1550 alarum
1649 1500 1884 1563 margines

55 1565 241 1612 lineolis
265 1567 428 1614 albidis
451 1570 498 1614 &
521 1569 665 1628 nigris
682 1569 870 1622 alternis
894 1580 1130 1615 notantur.
1195 1568 1382 1615 Medias
1401 1567 1493 1613 alas
1523 1563 1716 1626 pulchre
1736 1576 1884 1612 coeru-

57 1624 281 1677 lescentes
312 1630 443 1677 lineae
469 1628 731 1679 transversae
770 1632 913 1692 nigrae
935 1634 982 1678 δε
1003 1630 1116 1676 albae
1138 1632 1388 1692 contiguae,
1424 1627 1450 1675 ὲ
1481 1628 1664 1674 lineolis
1681 1624 1885 1674 incurvis

59 1693 320 1753 compofitae
337 1694 587 1755 condguae,
622 1711 646 1754 5
672 1707 870 1741 numero
886 1689 1171 1740 transversim
1189 1690 1363 1751 secant,
1396 1690 1422 1738 ὲ
1444 1691 1607 1750 quibus
1629 1690 1781 1737 media
1808 1689 1884 1736 ni-

60 1770 145 1816 gra
161 1756 349 1815 reliquis
363 1755 501 1803 latior
517 1755 581 1804 est
595 1760 641 1805 &
664 1754 922 1815 obscurior,
955 1760 999 1804 δε
1014 1756 1142 1802 velut
1157 1771 1312 1803 aream
1333 1749 1637 1802 transversam
1655 1767 1761 1800 cum
1774 1765 1885 1822 pro-.-

61 1816 187 1866 xime
215 1816 438 1866 inferiore
472 1818 610 1881 nigra
645 1823 691 1867 sc
725 1819 1006 1867 intermedio
1043 1815 1311 1865 obscuriore
1345 1817 1549 1864 coeruleo
1571 1816 1725 1862 efficit.
1790 1815 1881 1862 Iml

60 1878 249 1943 insuper
265 1882 442 1929 alarum
469 1885 703 1945 margines
728 1883 914 1929 lineolis
938 1881 1085 1941 nigris
1104 1878 1314 1928 deorsum
1333 1878 1456 1926 Γεᾶὲ
1474 1878 1618 1924 ductis
1645 1890 1882 1926 notantur.

63 1944 164 1992 Alae
187 1945 433 1992 interiores
461 1945 623 1992 diversi
652 1942 792 2004 plane
821 1944 990 1991 coloris
1010 1940 1113 1988 sunt
1146 1943 1409 1999 albicantis,
1442 1939 1539 1988 scil.
1566 1954 1674 1987 cum
1701 1940 1883 2007 macula

59 2007 155 2115 {ata
185 2007 322 2066 nigra
339 2007 433 2054 ima
450 2020 582 2067 parte
613 2004 844 2069 praecipue
864 2005 1072 2054 notabile
1090 2002 1172 2065 est,
1207 2002 1332 2066 quod
1355 2005 1473 2052 ultra
1497 2004 1745 2051 exteriores
1773 2017 1880 2051 curn

83 2069 187 2117 edet
204 2070 528 2119 extendantur.

374 2192 603 2246 Phalaenae
627 2197 767 2248 Anno
791 2189 946 2264 1698.
984 2190 1230 2264 obstrvatae
1252 2192 1310 2247 ἔγ
1338 2191 1582 2263 descriptae.

69 2351 110 2384 1.
144 2327 343 2375 Phalaena
368 2330 386 2375 ὲ
415 2330 642 2376 mediarum
670 2346 810 2392 genere
829 2325 1078 2387 minufitula,
1111 2328 1192 2374 alis
1213 2328 1313 2374 latis
1334 2325 1735 2388 exterioribuserufh
1749 2330 1884 2387 nigri-

129 2391 334 2452 cantibus,
366 2411 457 2439 cum
475 2412 568 2440 area
586 2391 821 2454 transversa
842 2392 860 2437 ὲ
877 2392 978 2438 luteo
996 2391 1225 2452 albicante3
1261 2391 1518 2438 interioribus
1529 2390 1817 2437 albicantibus.

101 2454 387 2515 Transcribed.
1201 2504 1220 2507 w

212 2520 314 2567 LAE
351 2521 580 2581 punctulis
614 2518 640 2567 ὲ
672 2518 774 2567 rufo
808 2517 1144 2579 nigricantibus
1165 2513 1350 2577 aspersae
1373 2520 1419 2564 δε
1449 2517 1576 2564 velut
1603 2512 1884 2578 pulverisatae

73 2526 204 2640 A
244 2580 361 2630 sunt.
427 2585 548 2634 Area
586 2579 837 2630 transversa
873 2582 929 2626 ad
965 2581 1156 2627 interius
1193 2583 1274 2627 alae
1302 2581 1416 2627 latus
1446 2579 1681 2641 angustior
1711 2578 1793 2636 est,
1824 2579 1882 2624 ad

69 2646 270 2693 exterius
297 2646 462 2706 latior,
508 2651 553 2694 δε
591 2647 641 2693 in
672 2646 895 2709 angulum
918 2644 1172 2691 rotundum
1193 2638 1402 2691 deorsum
1433 2657 1694 2690 excurtem.
1759 2643 1885 2689 Area

66 2707 237 2768 isthaec,
270 2707 498 2772 praecipue
519 2711 722 2761 exterior
750 2705 844 2770 ejus
867 2722 989 2819 pag,
1019 2709 1067 2754 in
1101 2722 1250 2769 prona
1278 2707 1358 2755 alae
1391 2720 1520 2768 parte
1538 2705 1662 2754 clare
1679 2716 1889 2814 applaren

87 2784 92 2789 ”
989 2785 1016 2817 ιι
1049 2787 1078 2818 2
1785 2780 1890 2814 mea
