2322 3206
1150 72 1370 175 (J144
1416 80 1452 161 3

375 192 646 253 <interiores
666 210 775 247 cum
793 193 920 247 sedet
932 192 1054 244 ultra
1077 189 1328 238 exteriores
1341 197 1504 237 extant
1522 187 1569 234 δε
1588 183 1836 249 apparent,
1867 181 1921 238 iit
1933 188 1987 238 in
2003 186 2229 243 Phalaenis

402 265 635 324 maximis,
667 267 714 312 87„
743 258 944 322 eousque
976 255 1137 305 saltem
1171 254 1320 315 magis
1347 252 1552 300 albicant
1583 250 1725 313 quam
1755 255 2032 303 exteriores:
2067 268 2229 317 praetet

399 328 681 394 particulam
711 327 843 374 illam
862 337 974 385 *quae
1006 331 1134 367 extat
1167 318 1397 379 reliquum
1433 316 1517 363 alae
1538 316 1740 374 albicat,
1782 315 1910 365 linea*
1945 319 2172 369 duntaxat
2205 318 2234 368 ὲ

398 394 584 458 >punietis
602 392 745 451 nigris
763 380 1034 448 composita,
1065 384 1164 430 imo
1188 382 1268 430 alae
1291 379 1497 443 margini
1517 376 1741 441 parallela
1763 380 1982 429 cinctum.
2047 385 2235 446 Gor-pus

404 459 601 516 albicat,
634 438 691 501 ad
723 447 1068 502 commissuram
1090 462 1248 510 pronae
1280 450 1328 510 δε
1362 442 1532 507 supinae
1565 443 1707 506 partis
1728 441 1878 515 'densa
1900 446 2133 515 lanugine
2153 462 2235 496 ve-

405 521 578 570 stitum.

474 586 627 633 Eruca
644 598 743 645 quae
764 581 816 630 in
844 579 969 628 hanc
986 576 1253 626 Phalaenam
1276 574 1411 635 abiit,
1443 573 1505 622 ob
1520 572 1683 636 capitis
1704 572 2083 633 magnitudinem
2101 589 2241 624 enor-

412 663 538 697 mem
560 645 814 706 Grouthead‚
861 644 910 692 id
940 640 1025 703 est,
1057 642 1257 704 Capit0,
1281 640 1414 688 nobis
1436 639 1560 687 dieta
1582 634 1648 685 est
1671 657 1683 684 :
1714 635 1837 685 foliis
1854 639 2243 699 quernis-vicina-

409 714 517 771 bat,
550 714 597 760 δε
618 709 880 759 folliculum
903 707 984 755 fibi
1003 707 1183 766 texuit,
1219 705 1271 753 in
1292 720 1389 766 quo
1411 704 1460 752 in
1485 698 1798 766 chrysalidem
1825 715 2001 750 mutata
2023 718 2108 765 per
2126 703 2242 764 hye-

411 790 537 825 mem
562 775 765 836 delituit,
796 778 844 823 &
861 773 989 822 circa
1008 770 1151 819 finem
1171 769 1349 832 Aprilis
1365 768 1587 817 Phalaenae
1601 763 1840 830 descriptae
1858 764 2011 816 forma
2021 768 2210 830 prodiit.

404 912 611 963 Phalcena
633 908 812 960 &mediis
824 905 1075 969 minufiula,
1094 907 1174 954 alis
1196 905 1461 954 exterioribus
1480 901 1641 969 triplici
1656 902 1799 966 colore,
1820 901 1839 951 ὲ
1844 901 1977 969 fulvo
1996 909 2246 969 nigricante,

934 973 954 1022 ὲ
975 971 1307 1021 ἶιιϊεο-αἶὺὶεαητε
1329 967 1387 1022 &⁴
1409 968 1546 1018 albida
1567 971 1725 1017 variis.

529 1097 702 1146 Olores
722 1095 773 1143 hi
794 1109 896 1142 non
923 1090 1087 1142 exacte
1117 1093 1460 1141 terminantur:
1487 1089 1878 1140 -Luteo-albicans
1898 1091 2182 1140 exteriorem
2203 1095 2252 1142 δε

559 1161 761 1209 mediam
783 1158 864 1206 alae
888 1171 1069 1220 partem
1089 1170 1313 1220 occupat,
1344 1170 1394 1204 ut
1415 1159 1462 1204 &
1481 1168 1621 1217 caput
1642 1150 1870 1201 summum
1889 1157 1935 1202 Sc
1955 1151 2187 1218 scapulas:
2226 1157 2252 1206 ἐ

422 1222 528 1272 rufo
551 1226 789 1287 nigricans
820 1221 1093 1270 inferiorern
1126 1225 1172 1269 δε
1207 1222 1511 1270 interiorem:
1544 1221 1685 1267 imam
1709 1219 1832 1266 alam
1859 1218 2036 1267 albidus
2057 1220 2252 1271 obtinet.

421 1289 522 1345 Alae
544 1289 776 1337 interioris
797 1287 1003 1334 exterior
1024 1300 1188 1347 margo
1205 1286 1325 1333 ultra
1347 1284 1626 1333 exteriorem
1638 1279 1863 1330 summam
1880 1298 2014 1345 parte
2035 1287 2255 1334 excurrit.

421 1353 676 1401 Interiores
690 1353 771 1399 alae
792 1347 956 1412 supina
979 1364 1112 1412 parte
1134 1346 1265 1397 fuscae
1280 1347 1401 1406 seue
1422 1347 1549 1395 fulvo
1565 1347 1870 1408 nigricanteS,
1904 1348 1961 1395 ad
1979 1349 2256 1398 interiorem

423 1418 648 1478 angulum
668 1415 900 1464 maculam
924 1415 1099 1461 habent
1116 1411 1141 1460 ὲ
1167 1414 1294 1461 luteo
1315 1414 1603 1461 albicantem
1623 1427 1730 1458 cum
1742 1412 1927 1459 unavel
1944 1412 2092 1461 altera
2104 1413 2256 1463 lineo-

423 1482 470 1530 la
492 1482 614 1529 intus
636 1480 917 1544 nigricante.
985 1475 1306 1526 Prona-‘facies
1326 1489 1427 1526 tota
1449 1475 1667 1525 unicolor
1688 1472 1773 1536 est,
1807 1472 1835 1522 ὲ
1848 1474 1977 1524 luteo
1995 1475 2214 1527 albicans.

488 1547 564 1595 Ex
586 1545 718 1595 ulmo
737 1544 919 1607 pertica
939 1538 1125 1590 decussa
1146 1538 1226 1590 est.

873 1679 944 1733 ΙΙ.
987 1676 1218 1732 Phalaenae
1245 1676 1334 1730 alis
1360 1673 1421 1733 ἀ
1450 1677 1601 1744 cauda
1629 1684 1798 1734 acutis.

426 1812 558 1863 PM.
575 1827 622 1873 7.
691 1822 732 1855 Ι.
764 1807 966 1857 Phalaena
988 1812 1177 1858 maxima
1197 1805 1444 1868 cauciacum,
1476 1807 1558 1855 alis
1589 1808 1775 1873 angustis
1795 1806 1928 1872 longis
1950 1812 2102 1869 acutis,
2135 1807 2261 1855 abdo-

756 1878 867 1921 mine
901 1872 1021 1936 rofeo,
1059 1871 1136 1934 sex
1159 1871 1371 1938 fifpte‘mve
1398 1871 1545 1919 areolis
1578 1872 1822 1936 transversis
1851 1877 2002 1938 nigris,
2034 1870 2263 1923 Mouffeti

756 1943 925 2003 quinta,
968 1939 1193 1988 Goedart.
1220 1954 1296 2000 25.
1326 1935 1424 1986 edit.
1447 1935 1612 1986 Lister.

544 2059 850 2124 Ongitudine
871 2058 938 2109 est
957 2056 1290 2125 sesquidigitali
1309 2071 1390 2108 aut
1405 2055 1602 2123 majore,
1633 2059 1821 2109 minimi
1842 2059 1983 2123 digiti
2001 2057 2199 2109 crasiitie
2212 2060 2265 2110 in

586 2126 783 2176 caudam
806 2138 992 2174 acutam
1013 2127 1233 2174 desinens.
1298 2125 1462 2187 Caput
1490 2139 1711 2187 parvum,
1742 2123 1883 2174 facies
1914 2125 2078 2188 nigra,
2106 2123 2267 2174 fronte

435 2205 594 2240 tamen
612 2191 733 2240 alba.
798 2190 1032 2240 Antennae
1052 2187 1222 2250 craffae,
1253 2186 1556 2238 semunciales
1582 2202 1660 2236 aut
1689 2185 1788 2237 fere
1808 2190 2032 2250 uncialeS,
2063 2190 2270 2238 anterio-

440 2257 483 2303 ri
505 2257 651 2304 latere
681 2255 1000 2316 nigricanteS,
1034 2253 1283 2317 posteriori
1313 2253 1440 2301 albae.
1503 2253 1583 2303 Ab
1604 2254 1822 2302 antennis
1850 2255 2074 2316 utrinque
2107 2254 2269 2301 ductus

436 2320 555 2366 latus
590 2320 719 2367 albus
753 2319 872 2366 ultra
904 2315 1112 2380 scapulas
1143 2315 1221 2367 seu
1257 2331 1473 2366 exortum
1505 2318 1683 2366 alarum
1717 2319 1997 2367 extenditur.
2064 2315 2270 2366 Dorsum

437 2382 517 2433 seu
535 2379 702 2445 supina
736 2383 939 2433 thoracis
967 2391 1070 2446 pars
1102 2395 1202 2431 tota
1224 2384 1371 2445 nigra.
1438 2382 1540 2431 Alae
1566 2381 1819 2431 exteriores
1842 2383 2011 2444 longae,
2049 2380 2270 2444 angustae,

440 2451 493 2497 in
510 2459 698 2495 acutum
722 2448 948 2509 angulum
961 2460 1205 2509 exeuntes,
1237 2447 1471 2496 exteriore
1491 2448 1741 2495 medietate
1760 2445 2002 2509 &purpura
2020 2447 2272 2507 albicante,

441 2512 667 2562 interiore
691 2509 718 2558 ὲ
738 2509 866 2560 fusco
883 2512 1177 2575 nigricante,
1211 2508 1403 2560 inferius
1433 2526 1581 2574 prope
1611 2512 1757 2558 imum
1785 2512 2049 2572 marginem
2080 2511 2216 2559 lineae
2237 2528 2271 2575 4

444 2589 525 2626 aut
550 2593 572 2638 ς
597 2576 855 2636 undulatae,
889 2573 941 2636 [ὲ
971 2592 1172 2639 purpura
1193 2576 1432 2634 albicans,
1461 2577 1632 2638 nigra,
1663 2574 1785 2635 alba,
1818 2577 1965 2639 pulla,
1998 2572 2114 2634 &c.]
2146 2576 2270 2623 alam

446 2637 777 2691 transcurrunt.
844 2641 921 2688 Ad
955 2641 1177 2701 angulum
1200 2643 1427 2689 extimum
1448 2640 1575 2688 linea
1595 2640 1768 2701 duplex
1789 2641 2044 2703 nigricans,
2073 2643 2119 2687 δε
2140 2637 2166 2687 e
2194 2654 2273 2686 ru-

448 2709 564 2757 bore
583 2704 732 2752 diluto
747 2703 950 2753 albicans
973 2706 1191 2752 excurrit.
1238 2705 1338 2754 Alae
1354 2704 1601 2752 interiores
1623 2705 1681 2751 ab
1697 2717 1863 2752 exortu
1878 2705 1937 2752 ad
1953 2703 2157 2752 medium
2175 2700 2275 2750 fere

448 2770 653 2821 maxima
683 2784 739 2818 ex
763 2781 896 2832 parte
928 2766 1075 2817 dilute
1102 2768 1311 2831 rubent,
1352 2768 1480 2818 linea
1501 2781 1660 2818 tamen
1680 2765 1934 2817 transversa
1962 2782 2102 2818 curva
2132 2767 2273 2878 nigra

2133 2847 2187 2878 ru
2221 2844 2274 2878 o-
