2322 3206
152 188 358 241 Humeri
379 187 531 250 capite
546 183 694 237 multo
714 186 902 237 latiores
918 186 1036 240 sunt.
1095 188 1159 239 Ei
1189 186 1316 240 alvus
1329 188 1618 257 Ventricofa,
1646 193 1828 265 rugosa,
1858 201 1915 255 au
2078 212 2109 221 s

88 269 165 305 eas
188 268 323 317 rugas
342 251 540 300 annulos
560 251 797 314 appellare
812 253 972 302 mavis,

148 317 262 366 Seni
281 316 440 378 pedes,
470 327 648 375 tenues,
677 314 938 365 breviffimi.
1005 313 1198 366 Animal
1228 313 1442 381 supinum
1470 323 1528 370 ad
1566 323 1910 382 similitudinem

87 380 212 428 mori
233 380 383 427 rubet.
447 377 526 426 De
542 379 626 426 alis
644 392 864 429 earumve
883 379 1028 430 thecis
1044 380 1378 431 nihilmemini.

150 441 414 553 Humoerm
437 441 669 502 quendam
681 455 899 493 croceum
915 456 994 492 aut
1005 443 1151 492 urinae
1176 444 1362 498 bubulae,
1377 447 1566 497 similem
1582 458 1809 516 excernit,
1838 458 1905 507 le:

85 502 204 555 viter
214 506 315 553 lace
350 517 452 551 ttus.
1356 512 1363 516 ’

152 569 202 617 A
223 569 379 629 primo
394 581 502 614 vere
519 566 579 614 ad
611 564 816 616 mensem
848 564 991 630 usque
1011 569 1200 620 Maium
1225 571 1512 623 Scarabaeum
1545 568 1673 627 huhc
1694 578 1899 630 Mollem
1910 570 2026 612 ΜΗ

83 633 286 692 reperire
304 631 416 678 licet
434 627 630 678 herbam
644 631 907 692 Aparinem
927 634 1167 706 vulgarem
1187 634 1526 697 depascentem.
1762 644 1764 646 ’

148 694 207 741 In
222 694 358 756 Agro
379 691 756 754 Cantabrigienfi
775 709 882 743 eum
910 708 1092 746 tantum
1123 697 1299 747 inveni.
1359 699 1443 750 An
1461 715 1561 752 non
1582 703 1706 752 inter
1734 705 1894 757 Scara-
1908 712 2019 749 Locus,

78 753 283 806 baeorum
304 754 598 806 vermiculos
615 752 771 819 potius
784 760 1017 811 numerari
1032 759 1197 810 debeat
1210 757 1428 825 suspicor.

415 1077 417 1079 ,
609 1021 652 1084 S
700 1020 755 1086 E
801 1021 860 1087 C
905 1020 972 1089 T
1019 1023 1049 1088 I
1094 1024 1159 1090 O
1250 1025 1357 1092 III.

77 1109 181 1177 De
223 1108 546 1177 Scarabaeis
581 1108 809 1198 quibus
844 1110 1058 1203 Caput
1080 1114 1439 1202 produffius
1475 1116 1581 1203 est,
1635 1119 1897 1207 alicujus

165 1197 575 1267 Promuscidis
610 1199 810 1266 instar.
903 1200 1200 1291 Antiquis
1234 1203 1606 1293 Gurguliones
1629 1206 1800 1277 dicti.

756 1357 809 1411 C
845 1374 882 1410 A
923 1378 950 1410 P
991 1377 1026 1411 u
1065 1375 1106 1410 ’r
1180 1363 1224 1414 ῙὋ

74 1430 153 1481 De
189 1423 445 1483 Scarabaeis
484 1445 688 1502 quoram
720 1427 963 1553 contii-culp
983 1429 1286 1553 Pgmufiide
1311 1433 1608 1503 inseruntur,
1645 1434 1798 1490 unica
1834 1440 1888 1490 in

740 1517 813 1552 me
848 1517 894 1553 to
927 1515 1018 1568 Jun
1076 1517 1188 1556 ura.

759 1641 946 1692 Titulus
1007 1644 1198 1694 XXIX.

313 1704 544 1763 Scarabaeus
556 1701 804 1768 majufhulus
815 1705 976 1768 scaber,
997 1707 1256 1770 &leucophaea
1274 1710 1466 1773 nigroque
1482 1714 1646 1760 varius.

137 1832 166 1882 S
187 1834 244 1881 ίῐι
265 1829 517 1894 majoribus
527 1827 598 1879 sui
654 1832 803 1881 eneris
816 1833 1128 1880 numerandus
1141 1830 1220 1880 est.

234 1891 585 1945 Promuscidem
604 1845 687 1942 fib
707 1895 926 1954 petitore,
957 1896 1135 1955 vaginae
1169 1893 1312 1943 instar
1348 1895 1406 1942 ad
1440 1911 1544 1944 eam
1569 1898 1883 1960 recipiendam
1900 1914 2098 1968 Deftripaio.

65 1971 313 2017 excavato,
353 1953 611 2006 abscondit.
674 1955 934 2005 Cornicula
956 1955 984 2004 ὲ
1008 1955 1159 2005 ωεᾶίἒ.
1175 1954 1469 2019 promuscide
1492 1975 1758 2022 erumpunt,
1789 1964 1884 2012 unzi

65 2016 281 2081 {unfiturei
315 2017 343 2066 ὲ
380 2020 535 2069 media
561 2029 693 2080 parte
723 2018 968 2080 notabilia,
1000 2023 1048 2068 &
1067 2016 1195 2081 quod
1214 2021 1273 2067 ad
1293 2032 1547 2071 extremam
1570 2037 1749 2085 partem
1765 2026 1884 2076 cras-

64 2079 271 2131 sescunt:
304 2082 403 2130 haec
422 2095 578 2130 autem
594 2077 846 2144 promuscis
873 2095 933 2128 ex
966 2078 1069 2144 ipso
1086 2083 1243 2131 medio
1253 2098 1335 2132 ore
1350 2086 1448 2133 exit
1469 2087 1594 2133 inter
1608 2089 1780 2135 oculos.

129 2147 190 2195 Ei
213 2157 356 2208 caput
370 2146 611 2208 exiguum,
643 2145 770 2207 quod
786 2144 1114 2208 humerigibbi
1131 2146 1387 2209 excipiunt.
1454 2149 1598 2198 Alvus
1612 2152 1750 2211 plena
1771 2165 1884 2199 ven·

66 2207 235 2257 tricofa
262 2210 466 2257 retusior.

130 2272 331 2321 Humeri
351 2274 398 2320 sc
413 2272 589 2320 alarum
614 2270 759 2319 thecae
780 2272 1032 2322 maximam
1046 2285 1227 2335 partem
1257 2288 1317 2322 ex
1337 2273 1608 2336 leucophaeo
1622 2273 1880 2325 rubescunt.

66 2333 171 2398 lpse
188 2348 349 2384 venter
364 2332 602 2399 nigrescit.
667 2335 814 2384 Pedes
827 2337 1062 2385 variantur
1076 2332 1239 2383 iisdem
1261 2337 1508 2387 coloribus.

130 2401 259 2510 {ota
288 2396 484 2451 bestiola
511 2395 672 2448 scabra
692 2397 760 2446 est
794 2398 1207 2449 innumerabilibus
1238 2399 1487 2450 tuberculis
1520 2402 1596 2451 vel
1624 2403 1772 2464 pilofis
1804 2403 1879 2453 vel

65 2478 149 2512 cru
187 2478 319 2510 aceis.

129 2526 244 2574 Haec
270 2539 371 2572 rara
396 2521 589 2573 bestiola
609 2519 638 2572 ὲ
671 2538 748 2572 me
768 2525 959 2574 inventa
992 2524 1057 2575 est
1086 2526 1137 2575 in
1155 2524 1362 2576 Salicetis
1391 2526 1449 2575 ad
1463 2527 1582 2589 ripas
1606 2530 1731 2578 fluvii
1752 2536 1874 2591 Cam,
1889 2528 2001 2563 [Μ’

64 2589 316 2638 Februario
332 2588 539 2636 ineunte.

130 2648 396 2709 Laceffitus,
433 2666 598 2699 vocem
616 2651 856 2712 querulam
872 2649 982 2696 edit.

126 2714 241 2763 Non
262 2714 464 2764 libenter
484 2714 621 2777 repit,
652 2710 979 2826 ignavilgiimus.
1743 2783 1791 2831 T

895 2791 920 2825 e
939 2790 966 2824 e
1793 2784 1886 2831 itu-
