2322 3206
1162 53 1447 147 (278)

346 269 349 272 ,
373 259 414 304 ς.
450 234 590 289 Erue}
607 235 744 288 media
776 225 908 298 luteo,⁴
935 235 1104 294 cinereo,
1137 235 1255 296 nigro
1273 228 1470 278 coloribus
1484 225 1711 290 fhcundicm
1727 223 2030 293 longitudinem
2036 228 2216 300 striata
2293 219 2295 222 .

717 300 774 355 ὠ
790 302 954 368 ριιηὲἷὶς
975 303 1109 363 nigris
1128 302 1281 360 varia,
1303 295 1506 358 *Qerczis
1521 293 1646 357 foliis
1668 297 1890 344 viffitans.

543 425 713 477 Edium
749 418 936 471 dorsum
969 421 1096 469 linea
1129 421 1247 469 flava
1277 417 1542 482 percurrit:
1591 415 1705 465 huic
1743 412 1962 479 adjacent
1996 421 2218 484 utrinque

576 490 750 552 puncta
773 487 932 551 nigra,
964 487 1016 534 in
1045 487 1181 534 τεθεὶς
1202 485 1337 534 lineis
1367 484 1460 531 fita.
1528 482 1658 532 Area
1678 497 1824 544 ‘quam
1843 498 2081 546 occupant
2104 486 2218 536 hinc

369 557 482 605 inde
504 554 705 603 coerulea
729 550 808 599 est.
874 552 1053 601 Aream
1076 551 1328 600 coeruleam
1362 548 1584 597 terminat
1616 548 1743 598 linea
1773 548 2013 611 nigricans
2035 551 2221 613 punitis

368 620 517 682 nigris
534 615 883 677 saturatioribus
911 629 1088 664 notata.
1155 614 1374 665 Succedit
1400 614 1453 661 in
1485 612 1591 661 imis
1616 613 1838 662 lateribus
1852 610 1989 675 supra
2011 615 2152 677 pedes
2171 631 2224 664 a·

371 685 501 733 reola
520 685 633 730 flava
655 681 837 743 punitis
854 681 1002 743 nigris
1022 677 1260 742 inscripta.
1326 678 1505 727 Venter
1521 690 1647 727 totus
1663 678 1801 742 niger
1817 674 1898 726 est.
1963 681 2121 728 AEtate
2138 694 2225 728 co-

369 750 491 797 lores
513 759 775 806 mutantur,
809 749 857 793 δε
878 741 1077 792 rubescit
1095 746 1257 807 magis.

383 829 388 832 ·
430 813 581 874 junio
599 807 757 860 mense
775 811 840 859 ad
856 825 932 860 me
953 810 1106 859 delata
1129 809 1196 859 est
1212 807 1240 858 a
1257 807 1322 859 D.
1336 804 1465 870 Dale,
1497 807 1582 870 qui
1602 801 1649 857 se
1670 806 1724 857 in
1745 807 1949 869 Quercu*
1962 821 2070 859 eam
2087 806 2222 860 inve-2

372 875 491 927 nifl'e
509 876 645 926 dixit.
1803 909 1806 913 ,

438 943 589 991 Anno
611 944 749 1000 1696.
780 935 978 1003 ipsemet
1006 939 1159 1003 plures
1193 936 1337 1002 hujus
1347 938 1532 1003 generis
1565 934 1594 987 ὲ
1618 937 1901 1001 Quercubus
1935 935 2140 997 decuffi,
2173 941 2222 988 δε

372 1002 738 1071 Querctis'ffoliis
756 1005 868 1064 alui,
905 1006 1060 1053 donec
1082 1006 1219 1054 edere
1242 1004 1476 1071 desierint,
1509 1006 1556 1052 δε
1581 1005 1634 1052 in
1657 1004 1871 1053 Aurelias
1892 1016 2077 1052 mutatae
2099 1004 2222 1065 smt3

372 1068 535 1120 verum
556 1072 609 1119 in
631 1070 901 1131 Papiliones
939 1084 1189 1130 nunquam
1224 1066 1488 1129 evaserunt,
1519 1065 1600 1116 sed
1631 1069 1685 1116 in
1717 1068 1806 1115 hac
1835 1065 1990 1116 forma
2027 1080 2225 1116 mortuae

370 1134 492 1186 sunt.
558 1129 688 1184 Cum
710 1134 913 1181 adultior
935 1131 1001 1183 est
1024 1135 1119 1182 haec
1142 1136 1300 1184 Eruca
1316 1135 1451 1183 rubet
1473 1129 1613 1193 adeo,
1646 1132 1821 1196 aliique
1850 1133 2031 1181 colores
2050 1133 2104 1180 in
2119 1145 2225 1181 tan-

372 1202 473 1249 tum
496 1212 756 1258 mutantur,
783 1212 836 1246 ut
852 1200 935 1246 vix
954 1198 1080 1246 idem
1103 1200 1441 1248 animalculum
1464 1198 1688 1248 crederes.
1752 1197 1884 1247 Huic
1906 1194 2040 1248 valde
2068 1196 2224 1248 fimilis

374 1264 441 1316 est
458 1267 613 1316 Eruea
634 1278 789 1324 uma,
821 1262 1083 1326 eademque
1105 1281 1260 1328 17ma‚
1289 1280 1365 1314 an.
1385 1268 1526 1327 1696.

377 1399 421 1445 6.
455 1393 751 1444 Erum-media
773 1410 928 1458 magna
942 1394 1116 1457 glabra,
1148 1409 1175 1456 ς
1191 1389 1418 1452 secundam
1432 1389 1735 1453 longitudinem
1755 1391 1876 1439 limei-
1898 1389 2004 1440 albe&
2030 1386 2089 1444 ὠ
2105 1391 2226 1442 luteis

660 1462 841 1523 striata,
874 1461 968 1507 cltm
988 1463 1127 1523 junior
1145 1459 1200 1521 est
1223 1460 1456 1521 nigricans,
1487 1454 1674 1504 adultior
1696 1454 1917 1517 rubescens.

377 1585 795 1711 LOngitudine
825 1589 1016 1637 unciam
1048 1585 1252 1651 superat,
1282 1586 1428 1637 culmi
1445 1583 1808 1638 crassitudine&
1831 1581 2000 1649 major.'
2055 1584 2229 1649 Ju'nior

526 1659 687 1702 colore
709 1651 776 1702 est
794 1653 1082 1716 nigricante,
1115 1664 1255 1716 prout
1277 1652 1607 1713 magnitudine
1622 1658 1820 1714 augetur
1842 1649 2070 1715 paulatim
2092 1650 2231 1701 rube-
2281 1696 2286 1700 .

376 1712 482 1774 scit,
514 1719 680 1765 adultae
699 1733 862 1766 omnes
882 1719 1016 1766 lineae
1033 1719 1185 1777 luteae,
1218 1731 1384 1780 praeter
1413 1723 1488 1766 eas
1509 1732 1610 1780 quae
1636 1716 1686 1765 in
1719 1716 1824 1764 imis
1850 1716 2072 1766 lateribus
2092 1712 2229 1779 supra

382 1781 523 1840 pedes
541 1778 667 1841 sunt,
699 1778 999 1830 evanescunt.
1054 1780 1204 1829 Linea
1229 1783 1439 1830 medium
1463 1778 1649 1832 dorsum
1668 1796 1947 1843 percurrens
1968 1781 2074 1829 alba
2095 1779 2162 1829 est
2184 1785 2233 1832 δε

377 1844 519 1893 latior
543 1865 560 1907 3
586 1846 742 1894 media
766 1846 914 1893 latera
947 1846 1209 1893 dividentes
1237 1842 1441 1906 ejusdem
1456 1847 1649 1904 coloris,
1682 1843 1761 1894 sed
1777 1842 2070 1893 obscuriores
2091 1848 2139 1895 δε
2160 1858 2231 1894 te-

379 1924 532 1971 nues3
566 1926 667 1971 quae
689 1906 828 1972 supra
858 1911 1014 1970 pedet»,
1047 1910 1236 1957 latiores
1266 1914 1312 1957 δε
1334 1912 1480 1958 luteae.
1546 1909 1705 1970 Spatia
1734 1910 1879 1958 lineas
1899 1905 2229 1971 interjacentia
2303 1961 2307 1965 ,

377 1972 770 2022 atro-rubescunt.
837 1975 1023 2035 Capitis
1054 1975 1237 2023 laminae
1265 1975 1417 2038 nigrae
1446 1970 1760 2035 splendentes,
1821 1974 2080 2036 Quoddam
2101 1975 2230 2024 velut

379 2039 554 2087 collare
567 2040 752 2088 obtinet
776 2039 873 2087 haec
886 2035 1062 2102 species
1083 2036 1211 2102 pone
1228 2054 1370 2102 caput
1387 2037 1575 2087 lineolis
1589 2038 1736 2101 nigris
1752 2042 1799 2088 ὅτ,
1819 2039 1956 2088 luteis
1973 2035 2228 2089 secundum

377 2102 730 2166 longitudinem
752 2103 900 2152 ductis
922 2105 1245 2167 compositum.
1308 2104 1458 2167 Supra
1481 2103 1630 2152 lineas
1651 2104 1864 2155 laterales
1892 2105 2009 2154 imas
2033 2104 2227 2155 maculae

380 2168 668 2230 nigricantes
699 2168 727 2218 a
747 2184 803 2217 ca
841 2169 905 2216 ite
923 2170 988 2217 ad.
1003 2169 1198 2217 caudam
1217 2169 1269 2216 in
1286 2171 1413 2218 recta
1436 2169 1562 2217 linea
1577 2169 1677 2217 fitae.

445 2233 572 2281 Mali
595 2232 718 2284 foliis
732 2250 787 2282 ve
811 2234 951 2295 citur,
981 2234 1172 2297 &Junii
1192 2235 1355 2282 mensis
1379 2233 1522 2283 initio
1536 2233 1792 2284 invenitur.
2120 2261 2126 2264 ἡ

445 2297 504 2344 In
523 2296 655 2363 hujus
671 2300 858 2361 generis
880 2300 1120 2349 nonnullis
1136 2294 1288 2347 fasciae
1316 2297 1394 2348 seu
1425 2299 1590 2348 annuli
1610 2298 1694 2348 lati
1723 2300 2012 2365 nigricantes
2036 2303 2083 2350 δε
2109 2299 2229 2350 albi-

377 2374 535 2410 cantes
558 2365 893 2413 animalculum
917 2363 1113 2427 pulchre
1147 2361 1455 2427 distinguunt.
1519 2363 1679 2414 Lineae
1709 2380 1811 2428 quae
1845 2366 2021 2415 collate
2052 2364 2229 2417 consti·
2306 2366 2311 2390 ²

374 2438 511 2473 ruunt
529 2427 650 2476 nihil
668 2429 794 2477 aliud
813 2426 960 2491 quam
986 2429 1303 2479 extremitates
1323 2447 1346 2493 5
1366 2430 1597 2478 linearum
1616 2445 1701 2492 per
1716 2443 1865 2480 totam
1885 2431 2096 2493 corporis
2116 2431 2227 2479 lon-

375 2490 675 2607 git-udinem}1
675 2494 933 2605 duetarum.
997 2496 1058 2546 In
1092 2497 1288 2559 Quercu
1332 2489 1620 2558 frequentius
1657 2495 1898 2548 invenitur
1935 2495 2030 2546 hoc
2074 2510 2225 2560 genus

375 2568 519 2615 quam
546 2571 596 2605 m
678 2572 702 2605 a
724 2574 768 2606 o.

1998 2771 2044 2815 7.
2079 2759 2219 2804 Erum
