2322 3206
876 59 936 148 ,(
989 59 1189 149 ψ)

109 171 332 226 attribuit.
397 170 559 244 Caput
588 170 635 216 &z
654 166 849 216 annulus
870 169 1079 229 corporis
1100 169 1291 230 primus,
1324 182 1375 218 ut
1411 172 1462 219 in
1497 175 1668 238 multis,
1700 179 1833 229 durus
1852 183 1919 233 est

112 236 326 296 &niger¹
390 232 564 281 Verum
584 232 631 278 id
647 245 742 292 quo
758 232 818 279 ab
842 230 944 278 aliis
960 232 1174 281 omnibus
1188 232 1407 295 distingui
1421 234 1571 297 poffit,
1604 238 1707 289 sunt
1740 261 1796 289 10
1822 259 1918 292 ma-

110 301 222 349 culae
256 298 307 344 in
343 296 513 344 utrovis
541 292 789 354 latere*·[in
820 294 1004 355 singulis
1036 297 1217 345 annulis
1249 296 1453 359 fingulae]
1485 300 1535 347 in
1558 303 1717 350 eadem
1740 310 1864 354 recta
1887 307 1916 358 ὲ

108 362 263 423 capite
280 361 335 407 ad
360 361 552 407 caudam
573 359 708 406 ducta
729 358 827 410 fitae.
893 358 1004 406 Hoc
1023 373 1167 419 genus
1194 363 1456 422 gregarium
1474 362 1556 421 est,
1588 368 1635 412 &
1658 369 1909 419 textrinam

105 419 336 488 perpetuo
357 436 573 481 exercet3
607 418 1038 532 cuniguepabulum
1060 424 1323 483 proximum
1353 423 1751 488 consumpserunt,
1782 432 1915 481 nidos

106 491 415 549 promovent,
446 482 674 532 continuo
692 480 723 532 f
742 486 868 532 ”telis
898 485 1199 533 includentes.
1262 488 1438 535 Pellem
1468 486 1625 550 saepius
1655 506 1853 555 mutant,
1885 495 1912 544 ὲ

63 579 65 581 v
105 552 366 598 mutatione
386 549 632 597 albidiores
650 547 790 595 fac'tae.
852 549 1060 595 Prunum
1079 546 1342 611 sylvestrem
1356 550 1675 614 depascuntur.

168 615 242 661 Ex
269 614 339 660 his
370 613 468 658 aliae
488 624 672 659 mutatae
703 608 806 658 sunt
829 611 880 657 in
903 611 1114 658 Aurelias
1144 624 1324 673 teretes,
1354 617 1504 677 capite
1531 621 1574 664 δι
1605 620 1749 665 cauda
1766 621 1914 680 nigri-

103 676 333 734 cantibus,
363 673 471 721 alias
486 676 646 733 luteaS,
682 675 736 720 in
749 673 884 719 theca
903 673 1035 719 molli
1055 672 1081 720 ἐ
1097 675 1196 721 telis
1215 675 1444 736 confecta,
1479 678 1504 726 ὲ
1519 682 1680 740 quibus
1704 666 1911 744 Papilio·

101 753 199 797 nes,
232 738 448 785 antennis
469 737 622 797 longis
646 736 875 796 tenuibus,
903 733 1177 797 proboscide
1196 738 1321 787 lutea
1343 743 1562 801 pendula,
1593 745 1737 793 oculis
1759 749 1909 807 parvis

99 801 246 864 nigris
263 813 450 848 exeunt.

162 865 263 913 Alae
297 864 360 911 eis
385 863 636 912 exteriores
675 861 845 910 coloris
884 859 990 909 sunt
1024 861 1212 911 coerulei
1234 865 1443 915 albidi&
1466 868 1684 930 lucentes,
1715 874 1910 921 maculis-

100 928 252 989 parvis
279 928 453 990 nigris:
497 925 740 972 interiores
776 926 1066 984 concolores,
1098 922 1172 973 sed
1209 928 1298 976 fine
1332 932 1539 990 maculis,
1571 934 1676 992 pilis
1697 935 1906 984 brevibus

98 989 350 1038 fimbriatae.
415 991 600 1050 Corpus
633 989 773 1036 etiam
808 984 1090 1046 coerulescit,
1122 986 1198 1037 sed
1219 988 1371 1040 minus
1403 993 1542 1054 quam
1579 996 1673 1044 alae.
1739 999 1905 1048 Cauda

97 1069 156 1103 ex
176 1051 305 1101 fusco
326 1053 471 1100 rubet.
533 1053 694 1112 Caput
714 1047 965 1112 &scapulae
983 1048 1130 1099 fuscae.

159 1118 454 1166 Alaemutatae
476 1110 580 1161 sunt
594 1115 646 1161 in
662 1114 872 1162 Aurelias
890 1111 1078 1164 Muscas
1094 1115 1415 1178 producente5‚
1449 1117 1724 1170 Brafficariae
1740 1122 1903 1173 muscae

94 1193 398 1243 congeneres,
429 1175 505 1228 sed
521 1178 613 1226 fine
629 1174 732 1226 setis
753 1179 806 1226 in
826 1179 986 1227 cauda.

150 1375 187 1416 F
207 1371 268 1417 W
315 1341 319 1343 Α
428 1319 567 1361 Eruca
589 1309 760 1376 Dipsaci
772 1310 966 1360 Aldrov.
1000 1327 1040 1376 p.
1059 1329 1165 1375 275.
1191 1312 1262 1374 fleu
1284 1328 1356 1377 5ta
1377 1315 1478 1362 Tab.
1497 1331 1566 1364 2ae.

225 1433 332 1480 AEC
366 1431 605 1479 nonnullis
620 1429 914 1479 Vermiculus
941 1428 1166 1479 soli—tarius
1182 1433 1305 1480 dieta
1329 1430 1412 1492 est,
1444 1425 1553 1496 quia
1575 1434 1759 1497 fingulis
1780 1436 1904 1499 Dip-

253 1493 348 1543 saci
380 1494 593 1556 capitulis
624 1494 808 1555 fingulae
831 1491 1003 1541 insunt.
1065 1495 1213 1542 Parva
1246 1494 1310 1543 est
1346 1496 1636 1557 admodum,
1658 1499 1902 1549 dimidium

88 1559 277 1606 circiter
302 1559 501 1620 digitum
517 1560 680 1618 longa,
714 1558 872 1605 colore
889 1553 1136 1617 plurimum
1165 1559 1414 1618 albicante,
1443 1557 1652 1608 subluteo
1671 1562 1902 1611 interdum

88 1634 167 1668 aut
195 1622 471 1670 flavicante:
499 1621 735 1669 nonnullae
756 1617 1017 1668 rubescunt.
1082 1621 1139 1666 In
1167 1617 1396 1682 plerisque
1429 1625 1619 1671 maculae
1648 1625 1793 1684 nigrae
1821 1625 1902 1674 sub

87 1698 195 1732 cute
226 1697 467 1746 apparent.
531 1686 692 1745 Caput
724 1684 955 1744 nigricat,
989 1682 1063 1730 vel
1101 1683 1301 1731 castanei
1323 1686 1492 1734 coloris
1514 1685 1610 1744 est,
1642 1691 1688 1734 δε
1722 1685 1903 1750 semper

86 1745 304 1796 foramen
325 1761 422 1809 quo
447 1747 544 1794 exit
566 1744 753 1808 spectat.
819 1748 944 1794 Tam
965 1743 1212 1793 retrorsum
1228 1746 1366 1807 quam
1387 1746 1599 1810 prorsum
1621 1749 1812 1798 incedit.

149 1813 224 1859 Ex
260 1812 332 1859 his
366 1811 606 1858 nonnullae
640 1809 999 1871 metamorphofi
1021 1809 1221 1869 analoga
1247 1811 1298 1858 in
1315 1813 1526 1859 Aurelias
1547 1813 1898 1873 Papilioniferas

84 1886 253 1923 teretes
280 1871 514 1936 spadiceas
543 1884 729 1920 mutatae
749 1869 857 1920 sunt
886 1891 902 1931 3
930 1871 955 1919 ὲ
971 1873 1134 1933 quibus
1165 1873 1379 1921 exierunt
1396 1876 1661 1935 Papiliones
1685 1880 1898 1926 antennis

84 1938 300 1986 tenuibus
332 1934 410 1983 seu
432 1936 691 1993 Phfflaeuae,
723 1947 886 1981 ventre
921 1934 1154 1981 interdum
1185 1948 1435 1995 argenteo,
1482 1938 1713 1984 interdurn
1748 1941 1900 2000 nigri-

84 2013 236 2049 cante.
298 1999 497 2047 Alarum
513 1998 793 2046 exteriorum
816 1997 986 2044 ultimae
1005 2012 1092 2044 orae
1107 1993 1184 2044 seu
1199 2000 1430 2058 margines
1448 1996 1593 2046 fuscae.
1658 2002 1757 2048 Alae
1776 2003 1898 2051 inte-

84 2066 229 2112 riores
248 2059 380 2110 fuscae
395 2062 608 2125 margine
630 2061 854 2108 duntaxat
871 2061 993 2108 albo.
1046 2062 1190 2122 Quod
1206 2062 1438 2122 reliquum
1454 2059 1517 2110 est
1531 2059 1710 2110 sordide
1723 2079 1896 2127 purpu-

83 2125 238 2185 rascit,
269 2127 462 2174 maculis
476 2123 718 2173 atrior-ibus
735 2127 782 2172 δε
801 2124 994 2171 cinereis
1013 2125 1205 2171 varium.

146 2191 266 2240 Aliae
293 2193 340 2237 δε
364 2190 556 2250 quidem
589 2187 754 2250 plures*
773 2188 1130 2248 metamorphofi
1163 2189 1407 2248 anomala,
1456 2191 1508 2237 in
1547 2191 1738 2238 aurelias
1770 2193 1895 2241 albas

81 2251 623 2315 muscarumprodromas
642 2250 874 2310 abierunt,
906 2247 932 2297 ὲ
953 2251 1116 2313 quibus
1137 2247 1313 2299 Muscae
1330 2267 1583 2315 eruperunt
1606 2252 1632 2300 ὲ
1646 2251 1798 2314 specie
1821 2254 1893 2304 se·
1942 2299 1947 2301 ,

83 2318 233 2367 cunda
251 2317 479 2378 tripilium
495 2321 602 2362 Mou
637 2317 722 2359 eti..
960 2316 965 2321 ’
1442 2372 1445 2374 ‚

143 2375 298 2428 Citius
313 2376 676 2428 transmutantur
695 2391 795 2439 quae
810 2377 860 2423 in
878 2375 1143 2436 Papiliones
1162 2371 1300 2436 quam
1317 2391 1415 2437 quae
1431 2378 1483 2425 in
1500 2375 1688 2426 Muscas
1707 2379 1889 2428 abeunt.

142 2444 328 2491 Novem
349 2458 418 2502 *ex
438 2444 507 2489 his
527 2441 723 2489 eruculis
743 2439 925 2488 calamo
945 2434 1147 2500 inclusae,
1177 2442 1224 2487 &c
1244 2441 1366 2491 circa
1401 2441 1575 2491 collum
1597 2440 1803 2504 appensae
1826 2443 1891 2492 fe-

80 2506 201 2556 brim
223 2521 384 2557 curare
404 2507 659 2556 traduntur.

1752 2699 1886 2741 Bran
