2322 3206
978 118 981 120 -
1133 49 1170 139 <
1232 73 1256 115 ¹
1270 75 1312 140 4
1372 49 1407 136 )
1821 144 1827 148 ,

426 158 496 210 At
513 170 614 208 non
635 170 782 208 unum
804 154 1047 207 tantum&
1064 154 1256 219 fimplex
1273 153 1421 212 filum,
1455 161 1508 200 ut
1523 160 1635 201 ante
1650 163 1737 202 nos
1755 151 2014 217 expolitum
2035 148 2119 214 est,
2150 154 2212 204 ab

359 239 452 273 ano
471 224 712 283 emittunt,
743 219 822 270 sed
832 219 989 285 saepius
1011 221 1216 284 plurima
1233 217 1461 281 simplicia
1478 216 1557 265 fila
1578 218 1706 266 fimul
1727 214 2035 279 ejaculantur,
2064 219 2213 270 veluti

362 302 432 337 tot
455 288 680 336 micantes
697 287 847 335 radios
863 289 920 348 ad
937 289 1152 335 Cometae
1175 283 1387 331 caudam.
1458 283 1614 331 Pilum
1630 296 1786 331 autem
1819 285 2041 345 quodque
2060 285 2218 348 fingu-

360 353 458 401 lare
476 352 610 400 omni
629 349 726 399 fere
744 352 844 414 pilo
863 350 1108 398 tenuius&
1128 348 1299 396 exilius
1321 345 1399 396 est.
1467 347 1679 396 Filorum
1701 365 1795 396 una
1817 348 2107 396 continuitas
2125 349 2211 411 est,

361 419 448 471 five
466 432 520 466 ea
536 411 850 477 ejaculatione
867 412 1034 477 sponte
1064 413 1303 473 emittant,
1338 414 1427 462 five
1447 413 1497 459 vi
1527 415 1574 460 82:
1607 413 1803 461 nolente
1829 413 2044 462 Animali
2065 428 2211 462 manu

365 482 634 538 educantur.
696 481 766 528 Ea
788 492 943 526 autem
967 474 1114 526 modo
1137 478 1422 540 abrumpunt
1438 477 1521 540 ipfi
1545 477 1743 537 Aranei,
1777 473 1924 525 modo
1941 477 1991 525 in
2014 478 2212 538 exiguos

361 546 576 608 globulos
608 545 786 602 niveos,
819 542 1055 605 prioribus
1093 539 1173 591 sci.
1209 543 1401 605 pedibus
1422 541 1652 598 celeriter
1669 538 1806 604 supra
1830 555 1971 604 caput
2006 542 2212 591 circum-

360 611 491 669 actis,
516 608 811 668 recolligunt.
866 607 954 655 Sed
979 608 1108 671 quod
1126 622 1318 656 omnem
1335 607 1476 655 fidem
1494 603 1680 668 superat
1701 625 1717 668 3
1747 609 1794 655 &c
1816 607 1876 654 de
1890 621 1986 667 quo
2009 607 2210 655 omnino

363 674 492 722 nulla
529 672 710 719 mentio
745 671 868 734 apud
902 672 1143 733 Antiquos
1176 686 1257 720 aut
1271 672 1584 721 Recentiores
1605 668 1691 730 est,
1724 671 1990 719 Araneolos
2009 685 2088 718 aut
2109 687 2210 720 me-

367 739 449 784 diae
487 750 613 783 certe
636 736 777 783 aetatis
811 738 858 784 &
891 737 1232 799 magnitudinis
1264 736 1402 794 (nam
1437 737 1618 784 adultos
1638 736 1692 783 in
1714 750 1822 784 aere
1854 750 1930 782 me
1961 749 2208 797 nunquam

363 797 623 850 observasse
640 800 864 859 memini)
896 799 966 848 fili
990 801 1170 850 auxilio
1193 798 1239 850 se
1262 803 1563 850 committere
1580 801 1679 849 leni
1700 814 1837 861 aurae,
1869 795 2209 862 ascensumque

363 867 412 914 in
437 880 613 924 aerem,
647 863 825 927 perque
846 860 1044 913 summas
1079 867 1225 915 nubes
1253 866 1428 914 moliri.
1488 865 1614 914 Illud
1650 864 1781 914 certe
1815 861 2098 912 veriffimum
2121 863 2217 927 est,
2242 880 2246 881 ⁷

360 946 437 978 eas
451 928 596 992 longe
618 943 751 978 extra
776 926 1090 993 conspectum
1103 945 1261 978 meum
1280 933 1464 979 evectos
1491 928 1644 990 fuisse,
1679 930 1856 978 etiarnsi
1870 924 2008 992 supra
2026 927 2207 978 celfiffi-

358 1009 486 1042 mam
507 1008 684 1042 turrem
698 994 947 1056 aliquoties
963 995 1023 1042 de
1045 993 1270 1042 industria
1291 996 1658 1057 contemplarer.
1876 1001 1899 1019 -“

424 1060 503 1108 Ad
521 1058 763 1106 octobrem
799 1073 912 1106 vero
949 1054 1159 1106 mensem
1197 1060 1322 1107 hanc
1339 1059 1734 1108 exercitationem
1757 1054 1963 1107 maxime
1986 1056 2209 1120 frequen-

357 1137 476 1182 tant,
515 1122 727 1185 quamvis
764 1136 848 1187 per
869 1135 1021 1171 totum
1040 1137 1219 1172 annum
1241 1123 1386 1171 etiarn
1408 1119 1567 1171 media
1585 1119 1751 1171 bruma
1780 1122 1811 1170 fi
1841 1121 2033 1183 quando
2051 1137 2136 1186 per
2158 1121 2208 1187 id

358 1202 541 1250 tempus
556 1184 624 1235 sol
645 1184 771 1234 clare
785 1183 1090 1249 splendescat,
1123 1190 1170 1235 &
1187 1188 1466 1248 tranquillus
1481 1202 1562 1235 aer
1583 1187 1648 1235 fit.

382 1311 385 1314 Δ
429 1249 510 1302 Est
532 1252 676 1300 etiam
689 1250 781 1299 alia
799 1265 901 1299 non
919 1252 1071 1299 minus
1088 1252 1363 1300 admiranda
1381 1251 1670 1314 Proprietas,
1699 1251 1926 1300 nimirum
1942 1245 2071 1312 quod
2085 1250 2210 1301 Ara-

360 1318 457 1377 nei,
490 1331 589 1378 quae
606 1312 848 1364 emiserint
865 1315 963 1376 fila,
997 1332 1052 1364 ea
1074 1318 1199 1364 intus
1214 1317 1439 1364 reducere
1454 1314 1641 1379 poffint.
1706 1317 1872 1378 Itaque
1895 1317 1946 1363 in
1964 1315 2036 1363 his
2052 1313 2209 1378 poste-

361 1381 563 1441 rioribus
577 1380 814 1443 duplicem
832 1380 935 1428 dari
957 1379 1236 1444 potestatem
1250 1380 1455 1441 videtur,
1485 1380 1557 1429 illi
1573 1379 1859 1429 Pulmonum
1873 1382 1924 1428 in
1936 1377 2215 1442 sanguineis

360 1446 678 1508 Animalibus,
710 1444 792 1508 qui
808 1458 941 1494 motu
958 1446 1207 1509 reciproco
1226 1442 1442 1508 spiritum
1468 1444 1711 1494 attrahunt
1733 1448 1781 1495 δε
1801 1446 2051 1495 remittunt
2079 1444 2205 1493 haud

360 1508 637 1559 dissimilem.
2157 1513 2185 1528 κ’

423 1576 514 1622 Fili
531 1575 778 1623 materiam
800 1569 991 1636 ejusque
1008 1576 1401 1638 conceptaculum
1423 1575 1552 1637 quod
1569 1575 1758 1634 attinet,
1791 1574 2010 1636 equidem
2030 1572 2081 1622 id
2101 1570 2205 1622 suc·

362 1654 471 1714 cum
487 1640 700 1716 corporis
716 1640 993 1715 singularem
1007 1636 1100 1689 effe
1120 1638 1357 1703 existimo,
1389 1636 1570 1702 suoque
1593 1637 1687 1689 fer&
1711 1640 1906 1703 proprio
1920 1635 2025 1688 vase
2046 1638 2203 1689 conti-

359 1719 479 1764 neri,
515 1719 565 1753 ut
588 1721 637 1753 m
657 1719 820 1752 erucis.

425 1768 580 1817 Filum
609 1783 700 1818 nec
731 1767 782 1819 in
812 1782 937 1832 aqua
958 1769 1164 1830 coctum,
1196 1785 1287 1819 nec
1315 1770 1369 1818 in
1390 1768 1493 1832 igni
1529 1768 1559 1816 fi
1588 1780 1823 1817 torreatur
1844 1764 2079 1831 liquescit,
2109 1785 2203 1821 nec

359 1831 593 1891 flammam
611 1833 838 1896 concipit.
903 1833 1004 1883 Fila
1022 1847 1237 1883 recenter
1259 1835 1424 1884 edu6ta
1441 1829 1615 1881 viscida
1630 1831 1722 1882 esse
1735 1833 1972 1894 videntur,
2003 1848 2085 1883 aut
2098 1849 2201 1889 eei-⁴

358 1895 407 1949 ῐὲ
418 1894 599 2011 ἒζεὺῗο
613 1897 824 1962 quodam
840 1897 1039 1948 humore
1060 1899 1207 1948 infici.

459 1963 526 2011 110
547 1977 707 2013 autem
719 1978 819 2012 non
830 1979 949 2012 unus
958 1964 1125 2024 color³>
1142 1961 1241 2011 fere
1264 1978 1425 2013 aereus
1442 1967 1490 2013 &t
1502 1962 1779 2027 pellucidus,
1813 1978 1908 2025 quo
1923 1958 2109 2013 facilius
2123 1962 2202 2011 in-

356 2041 500 2076 cautae
521 2024 686 2077 muscae
695 2026 947 2090 fallantur3
966 2026 1048 2077 ‘est
1062 2028 1205 2076 etiam
1218 2030 1263 2078 ei
1276 2026 1634 2093 subpurpureus,
1654 2025 1981 2088 subcoeruleus,
2002 2023 2199 2077 subviri-

359 2091 440 2139 dis.
505 2092 678 2155 Neque
707 2089 823 2141 γετὸ
853 2092 920 2142 fili
956 2108 1049 2142 una
1073 2108 1242 2142 natura
1263 2092 1343 2142 est.
1410 2095 1538 2142 Nam
1561 2094 1689 2155 quod
1717 2093 1864 2142 molle
1886 2089 2032 2154 effet3
2069 2092 2198 2154 quod

357 2153 588 2217 asperum,
620 2158 748 2220 quod
762 2171 921 2219 tenue,
952 2159 1079 2220 quod
1103 2156 1285 2207 craffius
1305 2158 1402 2207 vidi
1423 2178 1439 2218 3
1472 2158 1613 2220 idque
1636 2159 1765 2219 quod
1779 2157 1929 2219 magis
1949 2156 2118 2216 miror,
2134 2157 2196 2205 ab

357 2222 528 2292 eodem
552 2222 746 2271 Araneo
761 2219 842 2270 sub
858 2220 1015 2285 parnis
1038 2236 1273 2287 tempore,
1303 2239 1365 2272 an
1380 2222 1492 2272 ideo
1515 2224 1716 2271 alterum
1732 2222 1790 2272 ab
1807 2235 1962 2283 utero,
1994 2222 2194 2271 alterum

352 2299 381 2331 e
399 2287 594 2348 proprio
607 2287 949 2349 conceptaculo
969 2299 1121 2336 exeat.
1985 2304 1988 2308 ’
2011 2290 2014 2292 ’

417 2349 713 2398 δεηεᾶιιεειπ
735 2366 904 2399 exuere
925 2353 1140 2402 Araneos
1159 2365 1322 2401 omnes
1345 2350 1550 2414 Antiqui
1572 2351 1886 2416 prodiderunt
1916 2348 2099 2413 (inquit
2120 2351 2187 2401 D.

351 2414 513 2474 Lister)
544 2419 590 2463 δε
605 2413 760 2463 nostra
779 2417 1072 2476 experientia
1085 2416 1269 2465 abunde
1282 2413 1486 2465 testatur.

414 2479 613 2528 Adultos
633 2480 843 2528 Araneos
859 2477 1002 2528 semel
1023 2476 1207 2529 tantum
1224 2481 1275 2529 in
1296 2496 1425 2529 anno
1453 2481 1623 2543 pellem
1647 2495 1819 2529 exuere
1838 2479 2086 2527 verisimile
2107 2476 2188 2527 est.

348 2543 469 2591 Illud
489 2543 615 2592 certe
638 2559 915 2607 perpetuum
932 2542 999 2593 est
1022 2559 1082 2592 ex
1099 2542 1256 2592 nostra
1272 2541 1616 2604 observatione,
1651 2545 1877 2592 nimirum
1897 2540 1979 2592 sub
1996 2545 2189 2595 initium

345 2610 458 2656 novi
485 2605 632 2656 vietus
649 2609 849 2656 vernalis
862 2609 1052 2656 unicam
1069 2609 1396 2657 vernationem
1416 2609 1467 2656 in
1491 2609 1674 2671 fingulis
1697 2609 1829 2658 Telis
1853 2610 2058 2671 reperire
2074 2609 2189 2657 lice-

344 2688 411 2732 re>
448 2677 493 2721 ἅτ
513 2674 542 2720 si
567 2690 649 2736 per
671 2674 825 2736 plures
849 2670 1027 2721 menses
1043 2673 1095 2720 in
1115 2673 1278 2719 eadem
1297 2673 1417 2719 Tela
1447 2688 1777 2735 permaneant,
1811 2674 1938 2735 quod
1952 2669 2186 2737 plerisque

342 2734 584 2799 speciebus
609 2739 750 2787 moris
772 2736 855 2800 est,
889 2737 971 2786 vix
991 2751 1069 2785 aut
1084 2734 1144 2786 ne
1169 2736 1249 2784 vix
1263 2737 1451 2798 quidem
1465 2734 1955 2788 secunduminvenieS.
2001 2739 2184 2848 Arane:

2116 2817 2144 2849 ο
2165 2820 2179 2849 1
