2322 3206
815 35 1015 165 (ἔοι
1073 74 1100 166 >

58 249 168 302 Cat.
179 255 295 312 gen.
316 240 389 308 392
450 260 497 305 7.
528 241 730 293 Phalaena
752 219 887 292 inedia
903 243 1057 307 fulva,
1087 244 1166 292 alis
1181 244 1360 310 oblongis
1381 246 1583 309 angustis,
1614 253 1874 300 exteriorihm

628 308 773 371 puniio
788 309 878 357 albo
896 309 1011 373 infra
1029 310 1210 357 mediam
1236 309 1534 374 longitudinem
1556 327 1722 362 notam.

160 436 373 489 Undium
389 437 482 487 hoc
494 433 794 498 majusculum
814 435 897 497 est,
929 437 1062 486 valde
1075 437 1252 487 clarum
1270 441 1316 486 ἅτ,
1335 434 1639 501 conspicuum
1657 462 1672 503 3
1706 443 1783 489 cui
1796 443 1875 489 ad·-

189 500 345 565 jacent
366 503 460 550 duo
480 503 572 550 alia
593 502 802 550 minima.
868 504 1088 565 Quatuor
1110 505 1185 551 vel
1206 504 1414 565 quinque
1435 503 1566 553 linea:
1589 504 1873 556 obscuriores

52 565 145 613 alas
162 563 501 628 pertranseunt,
537 580 628 613 una
645 569 897 629 punctum3
928 567 1051 614 inter
1069 565 1179 614 duas
1193 567 1371 614 infimas
1391 567 1464 614 ala
1486 569 1705 629 pallidior
1726 568 1806 618 est.

114 632 192 680 Ex
207 627 334 677 hisce
352 630 579 678 Phalaenis
602 630 699 678 aliae
720 628 924 689 dilutius,
955 631 1056 677 aliae
1077 626 1292 678 intensius
1308 632 1526 688 coloragae
1542 629 1660 680 sunt.

117 693 263 741 Hanc
289 690 493 755 superius
522 691 834 754 descripsimus
857 708 944 754 pro
973 709 1027 755 39
1047 693 1097 739 in
1117 694 1225 741 Cat.
1240 707 1349 754 gen.
1416 696 1576 756 Caput
1606 700 1652 743 δε
1675 693 1871 756 scapulae

51 755 159 817 pilis
190 757 345 818 longis
364 754 441 804 seu
462 756 688 820 lanugine
709 754 812 803 rufa
838 759 982 805 reecae.
1047 756 1233 818 Corpus
1260 757 1415 816 breve,
1447 757 1678 807 crassum:
1713 761 1872 807 Prona

49 833 154 880 pars
176 819 382 880 corporis
402 821 449 866 δε
471 818 648 867 alarum
671 816 836 880 supina
850 820 1072 881 pallidior
1094 818 1178 878 est,
1212 822 1258 867 δε
1281 817 1474 868 obscure
1493 824 1697 870 cinerea.

115 884 188 930 Ex
211 884 364 931 Eruca
386 882 518 942 pullo
537 887 583 929 &
598 884 739 943 nigro
755 884 894 930 ductu
920 885 971 930 in
987 884 1145 930 medio
1169 879 1306 931 dorso
1329 888 1375 932 &
1394 887 1628 946 lateribus,
1659 890 1706 935 δε
1723 885 1871 936 lineo-

14 968 15 971 *
48 944 105 994 lis
119 945 233 995 albis
253 942 388 1008 supra
411 947 549 1008 pedes
567 947 619 994 in
634 946 818 1008 singulis
835 947 1018 995 annulis
1035 945 1251 995 distincta
1273 947 1436 997 oritur.

48 1073 179 1124 Ρ.’Μ.
200 1089 277 1135 49.
357 1091 461 1126 110.
497 1073 697 1121 Phalaena
713 1076 865 1130 minor,
890 1071 968 1119 alis
983 1071 1110 1132 albis,
1141 1074 1403 1121 exterioribus
1431 1075 1575 1136 puniio
1595 1079 1712 1139 nigro
1734 1075 1870 1122 media

413 1149 530 1198 parte
550 1140 721 1196 notatis,
754 1134 812 1186 ὠ*
834 1135 1040 1183 interdum
1053 1141 1179 1182 etiam
1202 1137 1352 1184 lineolci
1372 1137 1430 1184 ad
1450 1143 1681 1186 interiorem
1711 1147 1872 1201 margin

408 1216 518 1257 nem,
550 1201 643 1247 imai*
663 1200 839 1248 maculis
860 1203 994 1261 nigris
1008 1197 1219 1261 offufhata.

173 1325 419 1376 Minorum
444 1339 619 1388 genere
638 1323 722 1383 est,
755 1325 839 1373 alis
864 1325 980 1373 latis.
1032 1325 1265 1386 'Corpore
1277 1324 1385 1373 albo
1402 1340 1509 1373 cum
1523 1328 1706 1376 annulis
1726 1325 1874 1377 trans-

179 1389 312 1438 versis
333 1390 384 1438 in
400 1389 649 1437 abdomine
671 1388 1023 1449 nigricantibus.
1085 1389 1499 1451 Antennaelongae,
1522 1403 1700 1452 tenues,
1722 1389 1869 1443 fuscae.

44 1453 147 1502 Alae
167 1455 312 1502 niveae
331 1469 344 1500 ε
377 1453 628 1501 exteriores
645 1453 771 1499 circa
787 1453 990 1500 mediam
1015 1452 1365 1515 longitudinem
1383 1455 1440 1500 ad
1462 1454 1654 1502 interius
1677 1456 1794 1503 latus
1816 1457 1873 1504 li·

42 1516 232 1565 neolam
251 1514 426 1562 habent
446 1516 632 1578 nigram
647 1511 968 1574 transversam,
999 1518 1046 1563 Sc
1062 1516 1269 1577 paullum
1292 1517 1350 1564 ab
1376 1531 1433 1564 ea
1455 1531 1688 1566 remotum
1714 1519 1766 1567 in
1791 1534 1871 1567 ea-

44 1579 153 1626 dem
171 1580 297 1627 recsta
311 1580 538 1640 punctum
552 1579 794 1627 concolor.
857 1579 918 1627 In
940 1579 1033 1627 ima
1050 1579 1123 1626 ala
1144 1579 1268 1628 linea
1286 1581 1422 1641 nigra
1435 1577 1462 1627 ὲ
1473 1580 1659 1629 lineolis
1675 1597 1874 1644 compo-

43 1643 125 1690 fita
140 1643 345 1704 margini
365 1642 587 1706 parallela
603 1642 800 1692 ducitur.
865 1642 1012 1705 Supra
1033 1657 1193 1704 quam,
1227 1642 1478 1706 praesertim
1494 1640 1646 1694 versus
1670 1648 1871 1697 exterius

41 1706 158 1755 latus
182 1704 276 1755 31ἱᾶ
295 1704 479 1755 macula
498 1703 638 1768 nigra
662 1702 914 1768 maiuscula
934 1706 1161 1767 inficitur,
1189 1710 1236 1755 8³,
1272 1709 1333 1756 ad
1363 1709 1554 1757 interius
1583 1709 1729 1757 etiam
1748 1709 1867 1760 latus

41 1769 171 1818 velut
191 1766 362 1819 nebula
393 1771 658 1832 nigricante
678 1767 972 1818 suffunditur.
1036 1771 1138 1820 Alae
1159 1771 1405 1821 interiores
1437 1772 1497 1819 ad
1525 1774 1672 1820 imum
1695 1774 1870 1835 margi-

41 1848 152 1883 nem
174 1834 349 1882 lineam
364 1832 609 1882 obscuram
629 1836 676 1882 &
695 1834 1012 1899 nigricantem
1046 1834 1281 1893 obtinent,
1311 1839 1358 1882 δε
1383 1832 1524 1897 paulo
1549 1833 1754 1896 superius
1783 1839 1865 1884 ad-

42 1895 138 1945 huc
158 1898 313 1944 aliam.
378 1899 535 1945 Prona
562 1897 741 1945 alarum
770 1895 1030 1957 superficies
1063 1897 1188 1958 alba,
1220 1899 1396 1959 puncio
1418 1899 1683 1961 nigricante
1709 1901 1865 1948 media

43 1973 174 2025 parte
190 1960 272 2008 vix
291 1960 455 2008 visibili
473 1971 649 2007 notata.

106 2024 249 2074 Maio
272 2026 318 2073 δε
334 2023 367 2085 J
369 2023 483 2071 unio
499 2023 724 2072 mensibus
744 2023 796 2071 in
815 2021 1035 2084 pomario
1056 2020 1218 2070 nostro
1235 2021 1509 2073 invenimuS.

42 2153 122 2217 '47-
138 2170 183 2203 2.
215 2151 415 2200 Phalaena
435 2149 616 2200 &mediis
633 2148 881 2211 minuscula,
913 2148 994 2198 alis
1009 2149 1139 2214 longis
1154 2151 1357 2213 angustis,
1379 2150 1588 2212 fhrdidiiis
1610 2144 1864 2218 rubentibus}

172 2217 435 2264 exterioribus
455 2215 623 2264 maculci
644 2214 759 2263 clarii
776 2216 901 2263 rubrii
917 2215 1031 2277 infra
1053 2215 1233 2263 mediam
1250 2215 1548 2278 longitudinem
1570 2224 1734 2267 notam.

46 2342 319 2465 SCapulae
341 2343 487 2392 tribus
515 2343 714 2405 angulis,
743 2358 841 2393 uno
870 2344 923 2391 in
947 2340 1127 2391 summo
1157 2340 1313 2404 dorso,
1346 2345 1403 2393 ad
1429 2344 1572 2392 latera
1597 2344 1712 2393 hinc
1743 2345 1858 2394 inde

155 2423 272 2468 un0,
304 2409 528 2456 eminent.
590 2405 811 2455 Rostrum
832 2423 1022 2470 quoque
1039 2409 1091 2455 in
1107 2409 1330 2469 angulum
1345 2409 1460 2457 exiti
1519 2405 1620 2457 ImaA
1643 2421 1770 2470 parte
1784 2410 1863 2457 in·-

44 2469 114 2518 fra
142 2473 342 2520 maculas
369 2472 450 2519 alae
480 2469 745 2534 pallidiores
778 2485 910 2520 erant
937 2469 1077 2532 quam
1098 2468 1318 2532 superius.
1382 2474 1528 2534 Supra
1546 2475 1747 2521 mediam
1771 2474 1854 2521 alae

44 2534 389 2598 longitudinem
411 2535 538 2582 linea
559 2532 809 2597 transversa
831 2535 1066 2596 nigricans
1095 2536 1319 2596 cernitur,
1351 2537 1464 2597 quin
1493 2539 1538 2584 δε
1567 2534 1686 2584 infra
1703 2551 1861 2583 macu-

45 2598 138 2645 lam
162 2595 326 2645 claritis
348 2598 590 2645 rubentem
611 2598 716 2645 alia.
780 2599 988 2660 Spatium
1009 2612 1163 2646 autem
1184 2599 1262 2647 has
1282 2600 1426 2648 lineas
1449 2596 1725 2659 interjacens
1753 2599 1859 2646 reli-

47 2656 142 2720 qua
160 2658 233 2706 ala
249 2658 481 2708 obscurius
502 2659 593 2707 est:
629 2677 711 2722 per
726 2659 872 2724 ipsam
887 2663 1029 2710 etiam
1053 2663 1282 2710 maculam
1298 2663 1422 2711 linea
1444 2660 1697 2711 transversa
1712 2663 1859 2724 nigri-

50 2737 156 2774 cans
187 2723 364 2774 curiose
397 2725 736 2786 contemplanti
750 2739 978 2841 *apparess
1000 2724 1333 2841 dIti-inferiore
1362 2731 1407 2795 δεῖ
1435 2727 1651 2779 dilutiore
1681 2727 1857 2775 alarum

106 2806 110 2808 ·
1727 2803 1864 2852 parte
