2322 3206
1056 2 1393 127 (ωε)

418 154 497 203 ἰο.
531 149 766 202 Antennae
799 162 861 198 ex
892 145 1091 210 globulis
1121 140 1195 192 seu
1226 142 1433 191 articulis
1457 139 1636 202 ‚glabris
1656 138 1871 192 constant
1888 162 1903 204 3
1935 142 2098 194 verum
2127 147 2190 196 fn·

359 218 576 282 quinque
596 216 669 264 vel
696 212 775 263 sex
795 209 990 273 majores
1009 207 1224 271 globulos
1259 203 1338 264 seu
1373 207 1578 253 annulos'
1596 207 1819 254 definunt.
1884 209 2051 271 Elytra
2077 226 2191 272 pur.v

361 281 707 345 puro-coerulea
738 289 936 338 quatuor
966 271 1081 319 striae
1115 273 1239 318 flavae
1258 269 1508 317 adornant.
1569 269 1873 332 Seapularum
1890 273 2032 321 etiam
2052 274 2196 322 limbi-

364 346 531 394 eodem
553 346 712 393 colore
727 343 846 388 flavo
863 338 1120 399 tinguntur.
1185 336 1356 382 Parvus
1367 330 1451 380 est.
1599 350 1601 353 ·

434 427 508 458 11.
539 415 644 467 {vas
658 404 805 452 unciae
821 402 1006 462 longus,
1040 400 1193 463 capite
1211 399 1261 446 in
1278 411 1475 445 acumen
1489 395 1711 458 utrinque
1723 395 2004 460 compresso,
2036 401 2194 448 corni-

368 474 479 524 culo
495 472 549 519 ad
572 468 777 530 scapulas
803 461 1080 526 affulgente.
1145 462 1349 524 Scapulae
1379 461 1497 521 latae,
1528 460 1713 522 glabrae,
1746 462 1969 508 rotundae.
2034 464 2195 524 Caput

370 542 417 587 δε
433 534 625 596 stapulas
647 530 1032 593 nigro-caeruleae.
1092 528 1259 589 Elytra
1277 522 1424 582 dilute
1439 522 1537 570 r'ufa
1555 539 1661 571 cum
1675 525 1867 573 maculis
1888 526 2050 589 nIgris.
2092 550 2096 554 -
2115 527 2196 574 In-

370 600 515 649 ferior
531 597 671 645 facies
694 593 908 641 coerulea.
974 592 1207 641 Antennae
1229 585 1542 649 microscopio
1563 584 1773 650 speetatae
1803 589 1855 636 in
1885 603 1977 637 tres
2003 589 2200 637 annulos

374 659 569 724 majores
601 660 804 707 definere
831 657 1082 716 videntur,
1121 655 1249 703 nudo
1279 652 1419 700 oculo
1449 650 1628 699 serratae
1660 666 1904 714 apparent.
1971 653 2201 716 Corporis

374 727 523 788 figura
540 726 635 772 lata
659 726 705 771 δι
730 723 786 769 de
823 719 940 775 ressa
973 717 1052 767 est.
1119 720 1269 768 Linea
1294 730 1435 782 curra
1456 712 1706 778 scapulasa
1723 712 1862 765 dorso
1883 717 2068 777 dividit,
2100 732 2202 766 non

374 792 499 839 resta
520 802 572 836 ut
595 789 648 835 in
670 787 788 849 pleri
810 801 914 846 que.
1239 837 1243 840 ,

447 871 521 901 12.
553 851 850 901 Semunciam
872 847 1039 910 longus
1053 845 1132 896 est.
1199 847 1434 896 Antennae
1461 859 1546 907 per
1571 840 1939 906 microseopium
1959 841 2119 906 primo
2131 860 2206 893 ar-

379 918 565 966 ticulati
591 915 826 974 videntur,
858 914 1072 963 brevibus
1102 911 1323 970 articulis,
1359 911 1470 957 dein
1494 910 1544 957 in
1580 922 1670 956 tres
1689 907 1884 970 majores
1912 910 2116 957 annulos
2128 905 2207 956 seu

381 981 597 1044 globulos
621 980 857 1027 desineret.
925 978 1077 1025 Color
1096 976 1302 1036 undique
1328 972 1492 1036 niger:
1527 973 1700 1036 Figura
1721 969 2082 1020 rotundiuscula.
2146 973 2207 1021 In

383 1043 625 1094 nonnullis
641 1059 788 1091 cornu
811 1042 1021 1100 unicum,
1052 1041 1110 1087 ab
1126 1053 1336 1087 extremo
1356 1037 1510 1099 capite
1524 1033 1697 1085 sursum
1714 1036 2024 1096 incurvatum,
2056 1032 2212 1089 versus

365 1108 726 1157 extremitatem
750 1103 972 1153 nonnihil
991 1103 1212 1164 utrinque
1234 1099 1477 1159 hirsutum,
1508 1100 1586 1147 eui
1605 1101 1820 1162 oppofitae
1839 1096 2031 1162 scapulae
2047 1093 2100 1148 in
2121 1100 2214 1148 cir-

382 1174 541 1222 culum
565 1169 660 1219 fere
678 1172 1010 1226 incurvantur,
1045 1167 1210 1227 rugula
1241 1163 1319 1213 seu
1341 1163 1660 1226 prominentia
1681 1163 1889 1224 undique
1917 1163 2126 1226 vallata3
2158 1165 2212 1212 in

364 1238 484 1295 ‚aliis
505 1250 654 1284 cornu
681 1237 726 1282 δε
741 1233 936 1282 circulus
958 1244 1037 1279 aut
1054 1227 1236 1293 prorsus
1257 1224 1439 1288 desunt,
1470 1239 1549 1275 aut
1567 1228 1831 1276 rudimenta
1840 1241 2006 1276 eorum
2027 1224 2211 1277 tantum

383 1312 625 1363 apparent.
902 1309 904 1311 ·
1061 1304 1066 1308 ’
1828 1304 1841 1315 ·

438 1380 525 1476 ἐξ.
558 1363 692 1412 Idem
730 1358 796 1409 est
829 1374 938 1408 cum
962 1356 1316 1421 hemisphaerico
1346 1353 1506 1405 nostro
1533 1353 1719 1417 primo,
1756 1352 1986 1413 Lady-cow
2005 1352 2231 1419 Angue&

386 1429 434 1477 di
515 1464 525 1474 .

456 1509 529 1554 14.
558 1491 732 1552 Parvus
767 1487 860 1547 est,
890 1486 1212 1534 {tiamnnciae
1233 1484 1432 1548 longus,
1466 1482 1622 1545 niger,
1652 1479 1961 1531 macula-unci
1992 1481 2131 1532 rubra&
2161 1485 2214 1534 in

385 1557 643 1620 elytrorum
667 1555 837 1601 medio,
902 1552 1233 1608 Antennarum
1255 1547 1568 1596 extremitates
1589 1547 1642 1594 in
1663 1559 1754 1594 tres
1775 1549 1974 1596 annulos
1995 1545 2163 1598 divisae.

452 1637 526 1678 15.
558 1620 691 1667 Idem
714 1615 781 1665 est
798 1630 905 1664 cum
927 1611 1278 1677 heinisphaerieo
1300 1609 1460 1660 nostro
1482 1624 1664 1672 quarto.
1956 1614 1959 1617 '

424 1709 436 1721 ·
449 1700 529 1733 21.
559 1683 762 1744 Elegans
784 1679 862 1733 est.
929 1672 1501 1738 Antennae'microscopio‘
1516 1669 1726 1736 spestatae
1740 1674 1791 1722 in
1812 1685 1902 1722 tres
1922 1676 2119 1725 annulos
2138 1676 2221 1726 de-‘

385 1748 557 1802 sinunt,
590 1743 1008 1807 quorum.ultimus
1029 1741 1220 1801 reliquis
1237 1740 1413 1786 duobus
1434 1735 1584 1798 major
1605 1736 1672 1785 est
1699 1741 1745 1785 Sc
1768 1739 2029 1787 rotundior.
2094 1742 2215 1789 Tres

386 1808 494 1858 fere:
508 1822 690 1871 quartas
704 1807 854 1855 unciae
872 1805 1042 1868 longus
1071 1802 1155 1863 est,
1186 1803 1341 1864 figurae
1361 1802 1604 1861 longioris.
1670 1801 1877 1863 Scapulae
1902 1800 2221 1852 coerulescunt.

389 1875 555 1937 Elytra
587 1870 739 1920 dilute·
761 1872 896 1919 rubra
929 1866 1061 1927 sunt,
1098 1867 1242 1915 tribus
1273 1862 1530 1913 transversis
1561 1864 1678 1913 areis
1705 1867 2086 1930 purpuro-nigris
2117 1868 2222 1916 latis

391 1934 557 1997 divisa,
588 1951 782 1996 quarum
795 1933 961 1982 ultima
982 1932 1170 1992 reliquis
1191 1930 1360 1978 minor.
2178 1968 2182 1972 ,

451 2019 530 2050 22.
562 2000 742 2049 Uncias
766 2007 823 2058 2-2-
841 1997 1010 2057 longus
1032 1993 1116 2055 est,
1153 1991 1522 2058 hydrocanthari
1550 2006 1649 2041 non
1678 1992 1924 2051 absmifis,
1956 1994 2110 2058 niger,
2145 1996 2224 2043 lae.

393 2069 476 2115 vis.
538 2066 669 2113 Inter
693 2064 832 2125 pedes
855 2059 1128 2119 posteriores
1161 2058 1398 2120 appendix
1427 2057 1599 2116 longa,
1631 2053 1872 2118 plusquam
1903 2053 2223 2120 semuncialis·³

393 2143 533 2179 acuta
568 2129 754 2175 aciculae
786 2123 941 2172 instar.
1005 2113 1213 2188 Dorffim
1235 2120 1456 2186 nonnihil
1478 2117 1730 2182 affurgens.
1795 2120 2030 2170 Antennae
2051 2124 2228 2185 breveS,
2296 2160 2299 2165 .

394 2189 764 2245 manifestiffime
776 2188 1018 2237 annulatae.
1166 2198 1168 2200 ·
1314 2188 1323 2195 “
2086 2209 2103 2230 τ,

458 2276 536 2321 24„-
572 2255 722 2303 Color
744 2254 856 2300 huic
883 2245 1246 2300 cinereo-fuscus
1266 2261 1317 2296 ut
1340 2249 1391 2296 in
1421 2249 1648 2309 aquaticis
1673 2248 1925 2296 nonnullis.
1990 2249 2224 2298 Antennae

397 2321 575 2377 breves,
611 2321 662 2365 in
696 2332 787 2364 tres
825 2315 1036 2378 globulos
1062 2310 1141 2360 seu
1173 2313 1369 2361 annulos
1389 2313 1595 2360 definere
1615 2307 1913 2373 microscopii
1950 2325 2041 2373 ope
2072 2314 2226 2360 mani-

397 2382 513 2433 feste
528 2379 862 2430 discernuntur.
927 2380 987 2428 In
1009 2378 1167 2427 medio
1190 2378 1449 2441 elytrorum
1465 2377 1686 2438 utrinque
1707 2377 1889 2423 macula
1906 2375 2045 2436 nigra
2061 2373 2227 2438 majus-

399 2448 504 2497 cula
526 2445 734 2494 habetur.
891 2454 895 2458 ·

469 2528 546 2572 29.
578 2509 752 2556 Parvus
773 2502 839 2554 est
859 2505 940 2552 vix
958 2506 1096 2556 8vam
1108 2503 1257 2553 unciae
1275 2517 1457 2567 partem
1474 2503 1660 2564 longus,
1685 2502 1825 2561 -laeviS,
1852 2502 2010 2564 niger,
2027 2503 2227 2553 floribus

401 2569 753 2638 'rapisssylvestris
776 2569 983 2618 infidens.
1047 2570 1283 2625 Antennae
1306 2570 1492 2631 breves,
1524 2564 1602 2618 sed
1619 2565 1763 2618 'tribus
1784 2562 2047 2629 majusculis
2075 2581 2227 2616 annu-2

403 2641 459 2688 lis
481 2651 703 2699 tanquam
726 2633 927 2699 globulis
945 2632 1217 2683 terminatae.
1739 2659 1744 2664 -

2055 2755 2181 2822 Staph
2200 2774 2229 2796 ’.-
