2322 3206
961 106 1038 152 22
1056 105 1078 148 1

73 232 79 236 „
174 202 237 248 N.
253 202 303 245 Β.
336 195 448 246 Alas
464 189 718 243 secundum
735 88 1082 257 longitgidinem
1095 85 1406 244 &)nervorum
1424 196 1610 247 eludium
1635 199 1768 252 lineis
1784 206 1929 269 nigris

108 264 283 316 striatas
311 260 483 307 habere
503 272 619 307 nota
641 257 708 307 est
725 259 932 324 insignis,
965 263 1011 308 δε
1029 258 1186 320 paucis
1200 258 1425 309 Phalaenis
1447 265 1719 311 communis.

172 320 366 384 Vesperi*
386 321 546 398 astatis
561 324 701 373 initio
716 325 769 374 in
785 324 933 373 hortis
954 323 1328 374 circumvolitans
1349 338 1486 386 capta
1506 325 1588 388 est,
1619 326 1817 392 fatisque
1833 332 1924 384 fre-

103 402 249 451 quens
272 401 494 438 cernitur.

98 523 228 575 ΕΜ.
251 526 323 586 ς8.
388 528 465 586 96.
499 522 702 571 Phalaena
729 527 862 573 minor
881 524 1117 586 domest-isca,
1145 525 1231 574 alis
1251 527 1512 573 exterioribus
1537 527 1556 575 ὲ
1584 530 1922 594 rufh'albicanti.

450 588 564 701 {altra
567 589 766 703 1332thss
776 591 1009 687 ΔνηιιῙονίὲιις
1022 590 1259 651 fhturatiits
1289 591 1388 652 rufis
1414 591 1596 655 depiei‘ia
1659 596 1769 646 The
1789 597 1924 650 leffer

97 768 120 797 θ

247 770 297 820 D
338 784 552 822 exortum
573 774 654 821 alae
675 773 865 822 maculae
886 775 1115 837 nigriores
1134 769 1258 835 sunt,
1291 790 1401 836 quas
1423 777 1605 827 macula
1628 777 1874 831 transversa
1891 781 1920 831 ὲ

277 836 420 884 rubro
435 836 638 885 albicans
655 839 889 885 terminat.
953 839 1158 886 Maculae
1175 837 1201 885 ὲ
1217 840 1358 888 rubro
1374 842 1653 903 nigricantes
1674 859 1759 906 per
1773 859 1922 896 totam

97 900 280 946 alarum
307 901 598 949 exteriorum
623 897 912 962 superficiem
931 898 1213 964 sparguntur
1236 904 1363 952 velut
1388 905 1439 953 in
1469 906 1613 956 lineas
1648 905 1921 960 transversas

94 959 331 1024 dispofitae.
398 964 477 1013 Ad
506 965 648 1012 imam
673 977 852 1026 partem
876 963 1115 1027 utriusque
1136 966 1218 1014 alae
1239 968 1362 1016 linea
1386 966 1413 1015 ὲ
1442 970 1624 1030 Ριιηᾶἰε
1643 972 1921 1033 nigricanti-

48 1060 53 1065 «
96 1027 178 1074 bus
200 1029 481 1088 composita,
513 1042 726 1076 extremo
749 1030 951 1091 margini
983 1031 1231 1092 parallela,
1263 1033 1486 1080 cernitur.
1549 1034 1801 1085 Interiores
1834 1040 1915 1087 alae
1975 1048 1980 1051 ’

94 1091 412 1140 immaculatae.
476 1090 728 1139 Leviffimo
758 1095 884 1141 tastu
905 1091 1055 1141 farina
1077 1095 1153 1142 cui
1180 1095 1361 1144 colores
1391 1096 1616 1153 inhaerent
1645 1099 1919 1163 detergitur,

96 1151 379 1265 &dabscediu
442 1155 623 1204 Colore
638 1156 903 1217 nigricante
920 1157 1091 1206 detrito
1112 1158 1193 1206 alae
1209 1157 1352 1208 instar
1372 1161 1504 1222 cupri
1521 1162 1656 1221 politi
1675 1157 1918 1224 splendere

94 1230 141 1266 vi
176 1231 326 1266 entur.

157 1279 268 1330 Post
301 1281 506 1328 mediam
537 1280 737 1331 aestatem
757 1280 808 1330 in
830 1281 1042 1330 domibus
1066 1285 1302 1332 invenitur
1325 1280 1572 1347 frequens,
1600 1284 1784 1351 estque,
1807 1292 1918 1343 dum

96 1343 248 1394 adhuc
268 1343 492 1393 inviolata
503 1358 680 1405 manet,
710 1356 790 1393 aut
801 1360 964 1397 recens
978 1358 1112 1406 nata,
1140 1343 1327 1408 aspectu
1342 1345 1445 1400 satis
1462 1348 1670 1411 pulchra„

94 1495 171 1542 75.
196 1479 403 1528 ‹Phalaena
435 1484 588 1541 minor,
618 1481 701 1527 alis
717 1481 929 1544 brevibus,
962 1482 1227 1538 exterioribus
1242 1481 1399 1545 obscur&
1425 1486 1544 1548 rufis,
1574 1501 1688 1551 prope
1710 1493 1842 1537 imum
1860 1491 1920 1553 lif

210 1559 286 1590 nea
298 1541 433 1607 trans
421 1544 546 1605 versa
558 1543 741 1608 flexuosa}
758 1547 778 1594 e*
794 1546 900 1594 luteo
920 1548 1125 1597 albicante
1137 1552 1289 1612 notatis
1305 1570 1323 1610 ,-
1345 1548 1488 1613 fronte
1503 1551 1633 1600 calva
1652 1557 1789 1615 nigra.

91 1661 394 1786 PHalaena
424 1665 522 1715 haec
538 1666 596 1715 ab
617 1667 832 1716 omnibus
853 1669 972 1717 mihi
1000 1669 1454 1733 hastenusfcognitis
1477 1667 1633 1720 differt
1656 1669 1810 1725 fronte
1839 1673 1915 1727 seu

226 1724 407 1777 summo
425 1731 578 1792 capite
595 1727 731 1793 supra
753 1732 914 1781 oculos
935 1735 1065 1782 nudo
1082 1728 1331 1796 nigroque.
1393 1734 1497 1783 Alae
1522 1737 1767 1788 interiores
1787 1754 1914 1791 exte-

89 1791 288 1840 rioribus
301 1793 567 1855 pallidiores
581 1790 704 1857 sunt,
735 1796 876 1858 nigro
890 1809 1052 1848 tamen
1074 1799 1225 1848 diluto
1245 1797 1553 1848 maculantur.

90 1925 291 1975 Phalaena
307 1934 442 1980 minor
470 1929 627 1991 obscure
647 1931 791 1992 rubra,
822 1936 917 1979 cum
925 1929 1152 1990 semiocello
1167 1931 1226 1979 ad
1248 1938 1379 1979 imum
1397 1947 1513 1996 prope
1533 1936 1734 1997 angulum
1750 1937 1915 1986 alarum

870 2008 1129 2043 externorum.

219 2119 324 2168 Oto
349 2129 546 2176 corpore
567 2117 613 2163 δε
635 2115 718 2163 alis
739 2112 933 2163 obscure
949 2116 1100 2175 rubet,
1136 2127 1234 2164 tam
1250 2132 1399 2180 prona
1427 2114 1565 2180 quam
1586 2117 1748 2182 supina
1764 2137 1912 2186 parte,

88 2117 215 2239 T
248 2179 383 2231 lineis
412 2183 461 2228 ἅτ
481 2179 627 2227 lituris
643 2179 982 2242 nigricantibus
998 2181 1139 2229 varia.
1199 2180 1434 2245 Praecipue
1453 2185 1671 2234 notabilis
1687 2185 1753 2242 est
1777 2188 1914 2236 dimi-

89 2244 189 2292 dius
208 2244 333 2308 quast
364 2244 539 2291 ocellus
572 2242 597 2290 ὲ
623 2244 748 2292 linea
765 2241 1100 2294 semicirculari
1123 2243 1356 2294 albicante
1372 2262 1462 2310 pro
1484 2248 1604 2295 iride
1619 2268 1635 2309 ,-
1666 2252 1712 2298 8z
1728 2252 1911 2300 macula

90 2308 228 2357 rubra
243 2330 257 2371 3
289 2305 420 2358 linea
434 2304 666 2369 praedicta,
699 2311 746 2355 8z
763 2309 975 2370 margine
991 2310 1071 2356 alae
1088 2310 1322 2357 exteriore
1333 2326 1419 2372 pro
1435 2311 1551 2359 iride
1559 2312 1913 2375 comprehensa,

89 2387 177 2434 pro
192 2371 384 2437 pupilla.
446 2372 611 2419 Litura
625 2369 651 2418 ὲ
664 2373 806 2421 rubro
823 2373 1060 2433 nigricans
1075 2374 1133 2422 ab
1151 2373 1305 2421 ocello
1320 2375 1378 2421 ad
1400 2375 1672 2424 interiorem
1692 2379 1772 2425 alae
1790 2394 1912 2426 mar-

90 2436 252 2497 ginem
269 2432 461 2496 oblique
475 2436 691 2486 decurrit.
754 2431 884 2486 Cum
906 2433 1031 2484 sedet
1046 2437 1138 2486 alas
1153 2437 1211 2485 ad
1228 2452 1395 2500 corpus
1409 2440 1595 2488 adducit
1606 2454 1656 2489 ut
1669 2457 1762 2491 una
1775 2443 1909 2490 alteri

87 2497 475 2560 superincumbat.

155 2561 305 2626 Hujus
327 2564 418 2612 alia
434 2564 630 2613 habetur
659 2562 831 2626 species
861 2565 995 2614 valde
1027 2564 1195 2625 limais,
1225 2561 1301 2613 sed
1326 2565 1570 2628 pallidiore
1594 2563 1669 2617 seu
1691 2570 1908 2618 dilutiore

89 2626 275 2686 colore,
324 2625 500 2678 lineola
537 2625 641 2680 albai
673 2628 851 2691 duplici
892 2630 944 2680 in
983 2631 1215 2680 exteriore
1245 2631 1501 2694 margine,
1536 2647 1635 2682 non
1676 2632 1818 2696 longe
1851 2634 1906 2678 ab

58 2705 61 2708 ⁴
91 2703 259 2739 exortu
281 2692 374 2740 alae.

1774 2823 1828 2870 P.
1853 2823 1914 2872 A„
