2322 3206
883 65 938 152 *(
957 88 1109 168 :32⁷3
1147 65 1189 155 A)

108 173 256 240 lutee,
284 175 370 226 alis
384 165 746 224 membranaceis
765 171 954 236 glabris,
988 167 1129 223 unica
1143 175 1200 223 ad
1217 179 1416 228 exterius
1436 181 1550 231 latus
1573 188 1754 241 macula.
1774 179 1922 260 nigra&

331 315 470 358 Erum
488 327 538 357 ex
561 279 711 357 cinerea
724 274 887 369 albida,
914 309 1080 372 pedibus
1097 312 1403 376 quatuordecim
1421 309 1711 380 posterioribus.

751 378 837 422 An.
863 379 1008 436 1692,
1034 372 1091 425 &
1112 381 1249 437 1693.

144 536 147 537 γ
208 496 405 558 ,Οιροτε
427 492 493 543 est
508 494 660 554 brevi,
689 494 985 555 longitudine
1007 496 1086 543 vix
1108 496 1301 557 unciali,
1334 499 1487 559 tereti,
1518 517 1606 563 pro
1622 503 1915 566 longitudine

104 495 210 615 C
242 557 346 608 satis
359 556 521 617 crassa,
551 555 703 607 versus
715 571 855 620 caput
876 556 1109 619 craffiore,
1144 560 1302 608 colore
1319 564 1526 624 undique
1547 561 1574 611 ὲ
1595 563 1782 618 cinereo
1800 572 1916 618 albi-

101 636 257 680 cante,
288 638 372 684 per
389 635 536 669 totam
565 622 912 686 longitudinem
943 620 1060 670 striis
1094 620 1349 674 transverfis
1370 626 1689 689 angustiffimis
1707 648 1918 682 exarato*

100 686 263 747 Caput
283 701 478 746 parvum
495 681 740 733 obscurum
756 682 835 732 seu
851 680 1042 732 fuscum.
1108 682 1282 735 Verum
1304 702 1418 737 nota
1434 692 1663 756 praecipue
1677 696 1912 746 characte-

97 747 270 807 ristica,
306 746 401 809 quai
414 748 472 796 ab
488 748 587 794 aliis
602 745 833 809 plerisque
847 749 1009 797 Erucis
1028 745 1199 810 differt,
1233 748 1337 799 sunt
1364 757 1500 813 pedes
1533 755 1808 817 posteriores
1834 779 1910 824 14,

96 824 196 870 quae
218 826 324 858 cum
352 809 430 859 sex
452 812 759 860 anterioribus
779 826 1021 858 numerum
1040 813 1328 864 vicenarium
1349 816 1566 865 efficiunt.
1629 822 1819 870 Nullam
1843 837 1913 872 te-

91 873 189 922 lam
210 875 376 934 texuit,
405 872 481 922 sed
511 874 754 937 postquam
773 873 943 936 pellem
964 873 1174 936 exuiffet,
1207 876 1259 925 in
1281 876 1535 928 subluteum
1558 885 1604 929 δε
1624 885 1908 945 pellucidum

90 934 191 986 fere
210 951 384 986 mutata
399 935 483 997 est,
514 940 739 998 paulatim
760 938 959 1004 exaruit,
992 941 1239 988 &tandem
1262 957 1445 991 mortua
1465 942 1530 992 est
1545 966 1570 1005 3·
1592 944 1714 995 forte
1736 951 1797 997 ob
1812 951 1910 1003 loci

92 1001 150 1048 ad
193 1000 588 1061 metamorphosin
626 1000 864 1049 commodi
906 999 1152 1050 defe6tum.
1218 1003 1432 1067 Quercus
1471 1005 1584 1055 folia
1631 1009 1907 1073 depascitur.

89 1064 185 1113 An.
203 1071 339 1126 1695.
355 1063 535 1123 inveni,
567 1078 669 1125 quae
687 1064 918 1114 uncialem
933 1064 1278 1126 longitudinem
1300 1066 1581 1133 superarent.

87 1195 228 1240 Eruca
255 1207 316 1254 14
334 1190 498 1254 pedibus
512 1190 787 1255 posterioribus
804 1192 972 1252 donata,
1004 1192 1024 1240 ὲ
1042 1193 1183 1241 viridi
1197 1191 1605 1260 sordidkflavicans,
1636 1200 1753 1248 lineis
1770 1206 1908 1267 nigri„

583 1263 586 1267 '
805 1257 1170 1319 <antibusstriatas
1204 1261 1341 1321 1693.

194 1382 496 1445 Ongitudine
519 1381 585 1432 est
617 1373 823 1442 unciali,
855 1381 999 1432 culmi
1022 1383 1194 1431 triticei
1214 1380 1555 1446 propemodum
1577 1388 1904 1453 eraffitudine,

81 1380 194 1505 L
224 1449 271 1495 δε
292 1448 420 1496 brevi
447 1445 697 1494 admodum
727 1447 953 1508 lanugine
977 1444 1138 1493 vestita
1163 1445 1256 1494 effe
1278 1449 1472 1496 videtur.
1534 1451 1655 1500 Tres
1674 1452 1804 1502 l'ineae
1826 1457 1901 1504 ni-

80 1509 333 1570 gricanteS,
364 1525 459 1559 una
474 1510 526 1558 in
540 1509 698 1559 medio
719 1507 875 1572 dors0,
906 1509 1069 1558 una‘in
1090 1510 1314 1559 utrolibet
1331 1510 1474 1561 latere
1492 1508 1519 1559 ὲ
1535 1517 1688 1578 capite
1707 1519 1764 1565 ad
1792 1533 1899 1567 cau-

79 1573 188 1620 dam
208 1574 299 1621 duc
388 1590 458 1622 ur.

145 1587 656 1698 Gramffltdepascitur,
688 1639 733 1684 δε
753 1635 899 1695 Junio
925 1632 1082 1684 mense
1102 1649 1302 1685 exeunte
1323 1637 1374 1684 in
1397 1634 1580 1697 pascuis
1594 1636 1624 1687 ὲ
1643 1640 1786 1693 filiola
1807 1659 1895 1696 no-

76 1697 166 1750 stra
179 1700 339 1753 Maria
357 1703 548 1754 inventa
564 1695 643 1748 est.
678 1745 680 1747 .
707 1698 912 1750 Infoelici
931 1694 1036 1746 casu
1048 1698 1171 1750 hanc
1192 1700 1495 1762 corrupimus.

454 1820 458 1825 ’
485 1842 527 1874 1.
558 1816 697 1874 Eruca
712 1830 924 1873 Geometra
944 1823 1239 1885 Groffislariam
1260 1823 1511 1895 depastam(

75 1949 335 2069 COlore
356 1949 421 1998 est
437 1953 568 2000 vario
585 1967 644 2000 ex
671 1952 904 2000 albicante
936 1948 1108 2013 [qualis
1137 1953 1188 1999 in
1205 1955 1319 2000 flore
1339 1923 1466 2001 laetis
1486 1957 1715 2019 cernitur]
1747 1962 1887 2022 nigro

212 2017 265 2061 δι’
295 2016 448 2070 rubro.
510 2015 699 2076 Corpus
722 2011 819 2061 scil.
846 2015 1000 2063 album
1024 2014 1089 2063 est
1110 2035 1127 2074 ‚-
1160 2017 1363 2069 medium
1384 2015 1569 2066 dorsum
1592 2025 1782 2071 maculae
1814 2027 1887 2073 ni-

70 2091 164 2138 grae
192 2073 447 2137 majusculae
469 2079 700 2141 quadratae
727 2078 950 2126 continua
973 2074 1087 2126 serie
1108 2080 1137 2124 a
1171 2081 1320 2142 capite
1348 2080 1405 2126 ad
1427 2084 1618 2130 caudam
1650 2084 1893 2148 dispofitae,

69 2154 316 2189 exornant.
379 2141 439 2190 In
451 2142 668 2191 lateribus
683 2142 902 2202 utrinque
919 2144 1198 2202 punctorum
1213 2143 1452 2203 nigrorum
1470 2142 1605 2194 series
1624 2166 1637 2206 3
1672 2149 1780 2197 dein
1812 2149 1883 2199 su-

70 2218 153 2266 pra
171 2204 312 2264 pedes
330 2203 458 2254 linea
474 2204 539 2254 est
554 2207 706 2253 rubra.
769 2204 947 2254 Venter
968 2206 1142 2253 medius
1158 2207 1339 2253 flavicat
1360 2224 1371 2254 :
1407 2208 1630 2259 Areolam
1658 2212 1781 2261 hanc
1800 2217 1882 2262 fla-

69 2268 304 2317 vicantem
324 2267 452 2318 linea
489 2271 626 2333 nigra
656 2269 874 2329 utrinque
903 2269 1145 2328 terminat,
1179 2270 1360 2331 nigram
1379 2270 1546 2319 iterum
1570 2275 1801 2336 flavicans,
1833 2281 1878 2327 ὅτ

67 2331 362 2380 flavicantem
400 2333 557 2381 denuo
593 2333 746 2393 nigra,
791 2334 843 2380 in
877 2344 967 2392 qua
1002 2334 1173 2393 puncta
1197 2333 1423 2380 habentur
1467 2335 1729 2387 albicantia.
1794 2340 1885 2388 Pe-

68 2396 146 2443 des
174 2395 301 2456 nigri
316 2416 334 2457 3
365 2395 640 2456 posteriores
672 2396 807 2444 binos
832 2393 1016 2443 tantum
1050 2395 1190 2443 habet
1211 2410 1372 2457 praeter
1399 2399 1553 2446 caudae
1583 2403 1878 2463 appendices.

66 2458 194 2506 Pilos
214 2458 265 2508 in
286 2455 423 2506 dorso
438 2458 720 2508 &lateribus
739 2459 897 2517 habet,
925 2455 1003 2506 sed
1019 2458 1176 2506 breves
1208 2463 1253 2515 δε
1276 2462 1400 2508 raros
1429 2463 1692 2524 admodum,
1727 2481 1777 2513 ut
1796 2468 1878 2515 nisi

66 2518 200 2569 caute
221 2536 325 2569 eam
341 2523 670 2585 contempleris
687 2523 896 2583 glabram
914 2522 1108 2585 diceres.

63 2647 102 2694 Ρ
129 2583 389 2645 Copiosam
420 2588 579 2638 inveni
592 2588 643 2636 in
666 2582 970 2646 Groffularia,
1001 2586 1052 2635 in
1088 2585 1236 2636 Salice
1266 2586 1479 2650 latifolia,
1507 2588 1653 2651 inque
1673 2588 1877 2653 sylvestri

103 2661 238 2696 tuno·

1674 2797 1715 2827 12.
1743 2783 1878 2824 Erum
