2322 3206
414 185 650 236 ‘formicae
663 178 860 247 quarum
874 174 1057 231 au'reliae
1071 175 1150 227 seu
1166 175 1386 240 nymphae
1402 174 1535 224 nudae
1553 171 1732 238 jacent,
1763 170 1900 222 nulli<
1917 174 2202 236 tegumentis

366 252 605 310 involutae,
638 248 666 298 ὲ
697 248 961 311 vulgaribus
989 242 1217 293 Formicis
1237 236 1482 300 differunt,
1514 236 1643 303 quod
1665 233 1807 301 paulo
1830 238 2067 300 longiores
2102 240 2200 287 sint.

368 334 413 363 2.
439 313 587 377 Quod
601 311 787 363 dorsum
805 306 977 372 magna.
990 303 1173 356 macula
1192 302 1330 368 nigrai
1350 302 1631 354 obfuscatur.
1702 317 1741 365 3.
1765 298 1913 364 Quod
1926 300 2203 366 splendeant

367 381 532 444 magis.
601 396 647 440 4.
681 374 828 439 Quod
851 373 990 422 nullis
1009 371 1312 421 involvantur
1331 370 1496 419 thecis.
1730 407 1733 410 .

434 507 884 570 Hippomyrmeces,
916 497 1203 560 Horsq-Ants,
1232 496 1499 559 vulgaribus
1526 489 1678 545 multo
1702 492 1898 559 majores
1926 493 2054 557 sunt,
2088 497 2205 546 vali-

368 571 522 620 diores
536 607 553 629 ,
584 564 812 628 cursuque
825 566 1090 614 celeriores,
1156 561 1325 611 Media
1344 561 1555 624 corporis
1575 562 1713 621 regio
1747 560 1872 623 (quae
1893 578 1993 610 non
2013 575 2110 609 tam
2132 577 2203 610 te-

369 636 454 684 nui
475 636 737 695 ligamento
763 631 953 692 reliquis
973 629 1238 677 adnectitur
1261 641 1315 676 ut
1346 628 1399 675 in
1422 626 1549 685 aliis)
1584 621 1801 674 flavescit.
1865 627 2045 675 V‘enter
2065 629 2207 675 tumi-

369 703 469 759 dus„
501 699 656 760 niger,
690 699 738 745 83
767 695 920 744 minus
949 691 1234 757 splendentis
1256 692 1430 740 coloris
1451 689 1518 739 est
1539 687 1680 751 quam
1707 690 1759 737 in
1781 690 1897 740 aliis.
1959 691 2111 739 Nidos
2143 707 2202 738 ex

368 764 555 828 magnis
577 762 765 810 tumulis
785 758 1162 819 stramentorum,
1193 757 1474 806 bacillorum
1508 755 1803 817 ligneorum,
1835 760 1925 805 &a
1956 752 2092 817 supra
2113 770 2206 804 ter-

357 844 468 877 aram
500 828 552 875 in
582 823 721 891 sylvis
755 829 803 875 δε
838 826 896 872 ad
927 820 1054 887 sepes
1087 820 1377 871 construunt.
1443 821 1555 869 Ova
1593 821 1783 883 pariunt
1809 820 1968 882 qualia
2002 821 2206 883 reliquae.

368 893 598 954 Vulgares
614 891 841 941 Formicae
863 905 924 938 ex
939 903 1063 936 terra
1086 884 1241 950 egesta
1263 885 1507 936 colliculos
1528 885 1756 944 efficiunt,
1788 881 2021 949 agrosque
2035 883 2209 932 steriles

370 961 416 1006 &
437 957 687 1019 inaequales
698 955 924 1003 reddunt:
955 953 1061 1001 Ubi
1080 949 1333 1000 numerosae
1354 948 1477 1010 sunt,
1509 950 1690 1011 aliquid
1712 950 1879 997 caloris
1913 950 1989 1004 (ni
2009 945 2209 998 multum

367 1021 530 1082 fallor)
563 1017 702 1083 super
721 1018 955 1067 foramina
971 1015 1133 1065 sentiri
1153 1014 1318 1078 potest.
1383 1017 1443 1064 In
1454 1015 1782 1071 cuniculorum
1805 1013 1956 1063 fundis
1968 1014 2210 1062 nonnullis

346 1100 349 1103 ’
370 1087 674 1136 Aureliarum
694 1099 902 1141 acervus,
934 1083 982 1130 in
1007 1082 1110 1130 aliis
1125 1080 1388 1139 vermiculi,
1407 1079 1471 1126 'in
1490 1076 1592 1133 ali-is
1616 1092 1816 1126 ovorum
1839 1079 2104 1127 albidorum
2129 1091 2209 1126 aut

359 1151 740 1200 'vermiculorum
755 1163 914 1196 recens
932 1159 1155 1194 natorum
1169 1145 1423 1202 multitudo
1446 1143 1697 1211 invenitur.

437 1215 639 1264 Aureliae
661 1212 689 1261 ἐι
709 1209 974 1260 muscarum
986 1212 1193 1261 Aureliis
1215 1206 1459 1267 differunt,
1481 1222 1524 1267 q
1541 1203 1620 1255 *bd
1651 1209 1770 1256 cutis
1794 1209 2002 1258 exterior
2019 1223 2118 1256 non
2137 1208 2210 1254 in-

372 1276 577 1329 durescit
599 1292 652 1326 ut
669 1279 721 1326 in
737 1277 862 1338 illis,
896 1277 926 1324 si
948 1276 1081 1323 enirn
1094 1272 1228 1323 caute
1247 1274 1516 1336 aperiantur
1560 1272 1700 1333 hecae,
1731 1275 1978 1322 vermiculi
1992 1269 2116 1320 intus
2138 1273 2212 1319 in-

367 1346 483 1393 clusi
503 1341 646 1392 facile
677 1342 736 1389 ab
757 1341 1092 1402 integumentis
1115 1336 1405 1401 separantur
1421 1336 1497 1394 (in
1519 1338 1685 1396 quibus
1708 1335 1973 1386 formantur
1999 1351 2051 1385 ut
2065 1338 2213 1400 Apes,

311 1427 316 1432 ·
371 1404 568 1467 Muscae,
600 1405 827 1467 Tripiles,
856 1406 971 1464 ὅτε.)
1004 1408 1050 1451 ὅτ,
1073 1403 1399 1460 extrahuntur,
1432 1401 1670 1448 interdum
1687 1401 1870 1449 vivae&
1899 1402 2130 1464 perfieciae,
2162 1404 2210 1448 δε

369 1470 618 1523 flavescere
638 1470 951 1532 incipientes,
983 1466 1093 1516 alias
1119 1462 1274 1516 minus
1342 1463 1553 1523 erfeeiae,
1595 1461 1707 1513 alias
1728 1465 1850 1513 nihil
1887 1463 1914 1513 a
1949 1465 2213 1514 vermiculis

329 1538 331 1540 ’
373 1536 657 1587 differentes.
723 1535 892 1583 Cauda
920 1534 971 1581 in
993 1532 1290 1580 extremitate
1325 1545 1487 1592 emper
1503 1528 1725 1591 nigricat.

435 1603 760 1652 formicarum
796 1594 1001 1660 ejusdem
1031 1595 1208 1659 speciei
1242 1610 1332 1643 tres
1367 1595 1614 1643 varietates
1654 1590 1733 1642 seu
1771 1589 2057 1643 differentias
2097 1591 2211 1641 facit

373 1665 799 1723 Swammerclamius,
851 1657 1094 1721 nimir-um,
1139 1665 1382 1722 Operarias‚
1426 1656 1657 1718 Mafiulos,
1698 1663 1744 1707 82:
1770 1662 1990 1708 Fae-minas.
2056 1664 2214 1721 Opera-

374 1737 463 1779 feias
483 1744 650 1790 vocat,
681 1730 733 1776 in
755 1727 920 1788 quibus
952 1741 1043 1773 nec
1075 1721 1285 1773 mascula:
1296 1762 1314 1786 ,
1333 1738 1438 1794 ‚nec
1458 1721 1689 1771 soemineae
1709 1736 1860 1785 partes
1880 1720 2215 1781 observantur,

373 1796 444 1845 'ita
464 1809 514 1843 ut
544 1796 637 1842 hoc
658 1789 885 1842 infectum
905 1786 1057 1838 solum
1077 1789 1230 1837 labor-i
1248 1803 1306 1836 ac
1315 1789 1568 1849 nuni-orum
1596 1788 1919 1837 Formicarum
1944 1789 2215 1837 educationi

377 1861 407 1909 a
425 1854 758 1923 sapientissima
769 1852 938 1904 naturai
949 1855 1161 1902 videatur
1176 1851 1472 1901 destinatum.
1537 1852 1721 1900 Harum
1735 1850 1938 1900 rostrum
1954 1853 2136 1902 constat
2153 1868 2214 1902 ex

379 1927 503 1973 binis
521 1923 738 1971 dentibus
763 1920 994 1967 arcuatim
1014 1918 1096 1965 fibi
1118 1931 1279 1965 mutua
1295 1917 1399 1977 vice
1417 1916 1587 1974 obviis,
1613 1913 1848 1978 extraque
1865 1929 2007 1978 caput
2033 1919 2216 1966 exertis.

374 1990 602 2050 'Uterque
624 1986 794 2033 horum
822 1984 1034 2032 dentium
1055 1978 1233 2044 septem
1248 1978 1440 2029 serratas
1459 1979 1701 2041 incisuras,
1733 1980 1858 2043 quasi
1880 1983 2075 2030 totidem
2100 1983 2216 2032 den-

378 2055 568 2111 ticulos,
590 2052 745 2098 habet.
810 2047 1340 2107 Oculinigricante5,&
1359 2044 1671 2093 antennaesub
1684 2047 1832 2094 oculis
1848 2049 2121 2109 prominulae
2133 2066 2215 2098 co-

381 2120 494 2166 loris
519 2114 625 2164 sunt
650 2112 857 2176 spadicei
885 2109 1167 2169 remissioris,
1199 2124 1339 2172 atque
1363 2126 1425 2156 ex
1459 2127 1516 2156 12
1541 2111 1745 2158 articulis
1774 2113 1981 2173 collecti,
2014 2131 2214 2176 quorum

383 2183 468 2244 qui
484 2178 629 2228 ¹oculo
650 2177 715 2226 est
736 2178 1002 2240 proximus,
1033 2175 1160 2222 idem
1183 2172 1251 2222 est
1286 2172 1588 2238 longiffimus.
1655 2171 1893 2223 C‘aeterum
1915 2193 2077 2227 omnes
2104 2185 2218 2230 arti-

379 2246 483 2295 culi
523 2244 789 2291 obsidentur
822 2241 1084 2307 tenerrimis
1112 2236 1388 2301 >quibusdam
1430 2236 1550 2287 setis.
1617 2239 1853 2288 structura
1882 2244 2047 2305 capitis
2073 2260 2215 2308 atque

386 2308 590 2358 thoracis
619 2309 860 2368 eleganter
879 2305 1075 2352 exhibet
1099 2305 1353 2354 cuticulam
1381 2302 1506 2367 fibris
1539 2305 1717 2351 carneis
1738 2306 1862 2366 quasi
1884 2311 2186 2370 compositam
2202 2350 2217 2372 ,

372 2373 748 2423 &aemulantem
769 2369 866 2418 fere
888 2372 1077 2417 ductum
1102 2369 1323 2417 fibrarum
1353 2369 1404 2415 in
1432 2367 1667 2428 Pinastro,
1701 2370 1729 2415 fi
1755 2370 1820 2415 ibi
1848 2363 2117 2421 diffindatur
2137 2378 2217 2424 ubi

378 2434 590 2488 -nodosus
617 2433 696 2482 est.
753 2435 987 2495 juncturae
1012 2434 1215 2483 thoracis
1236 2434 1287 2481 in
1317 2438 1346 2479 6
1373 2445 1534 2479 acutos
1572 2430 1803 2494 processus
1827 2436 2156 2499 terminantur,
2190 2440 2217 2488 a

389 2502 557 2552 lumbis
574 2496 864 2560 conspicuos.
933 2498 1104 2545 Lumbi
1130 2514 1189 2545 ex
1211 2498 1352 2546 tribus
1373 2498 1499 2558 quasi
1519 2497 1741 2544 vertebris
1768 2498 1965 2559 globosis
1982 2501 2198 2551 constant

387 2584 494 2629 quae
525 2566 700 2625 ubique
729 2560 879 2610 setosis
910 2563 1176 2609 obsidentur
1191 2563 1320 2624 pilis.
1384 2561 1478 2610 Sub
1501 2561 1679 2608 thoraci
1702 2562 1921 2611 videntur
1944 2565 2117 2614 robusti
2139 2545 2218 2616 ruf.

386 2633 582 2693 gosique
604 2627 810 2690 pediculi
831 2640 1030 2687 quatuor
1054 2625 1266 2674 ‘articulis
1295 2624 1584 2683 constantes,
1616 2640 1818 2686 quorum
1839 2630 2026 2678 ultimus
2048 2632 2218 2680 dividi-

392 2711 466 2744 tur
484 2697 532 2741 in
555 2712 586 2754 4
606 2693 825 2740 articulos
838 2692 1060 2749 minoreS,
1093 2692 1174 2749 qui
1190 2692 1238 2737 in
1262 2691 1375 2738 duos
1397 2690 1678 2752 unguiculos
1700 2692 2020 2741 terminantur.
2090 2695 2216 2744 Ven-

379 2774 466 2809 ter
490 2759 649 2808 colore
665 2757 871 2820 puniceo
892 2755 1038 2817 magis
1056 2755 1200 2818 pleno
1222 2758 1269 2804 δε
1285 2752 1438 2811 saturo
1456 2751 1597 2816 quam
1618 2755 1795 2818 reliqua
1813 2756 2096 2821 corpusculi,
2118 2776 2217 2821 quae

2013 2820 2217 2886 spadicei
