2322 3206
1231 86 1258 174 (
1311 106 1438 174 250
1487 85 1516 173 )

439 201 500 255 ne
531 203 648 267 (qua
667 197 775 251 sunt
796 198 1013 264 singulari
1037 192 1206 245 mentis
1227 191 1548 254 providentia)
1581 192 1656 241 vel
1689 191 1995 254 perpluantur
2027 191 2087 243 ab
2112 194 2274 250 imbra

439 271 540 330 bus,
583 268 658 316 vel
695 266 850 329 capite
878 260 1048 313 sursum
1077 261 1236 307 locato
1266 255 1581 316 procellarum
1609 254 1954 320 ventorumque
1976 255 2160 309 ferociae
2191 279 2271 319 ex,

443 346 780 445 polrgfillgriigrem
801 389 941 438 totius
961 384 1151 434 artificii
1170 381 1342 433 horum
1370 382 1592 433 nidorum
1616 381 1976 447 descriptionem
1995 388 2077 450 qui
2103 389 2274 440 deside-‘

440 475 512 516 rat
535 455 893 512 Aldrovandum
914 447 1139 500 consulat.

1148 577 1304 628 Crabra
1338 575 1548 640 vulgara.

574 706 747 755 Nciam
771 721 792 751 1
809 701 998 767 ÷longa
1012 699 1094 750 est.
1158 702 1393 751 Antennae
1417 698 1667 748 articulatae
1689 691 1794 746 sunt
1815 714 1829 746 ι
1862 697 2036 759 primus
2058 700 2278 754 articulus

444 705 573 829 U
605 772 772 830 longus
793 764 878 826 est,
909 767 1081 827 reliqui
1101 780 1262 815 omnes
1278 765 1453 814 breves.
1496 808 1497 811 ,
1518 765 1650 813 Inter
1671 764 1831 812 oculos
1850 775 1941 811 tres
1961 760 2068 812 sunt
2088 769 2278 817 maculae

438 830 521 883 seu
551 831 891 885 excrescentiae.
956 832 1058 881 Alae
1089 842 1289 894 quatuor
1321 825 1601 878 rufescentes
1636 828 1713 876 vel
1748 828 2029 877 flavicantes.
2093 829 2279 883 Annuli

440 898 560 947 dorsi
575 896 654 948 seu
669 896 932 947 abdominis
943 892 1046 957 sex,
1073 910 1276 958 quorum
1289 889 1515 943 secundus
1527 890 1720 954 reliquis
1739 892 1897 952 latior,
1927 894 2117 943 ultimus
2131 897 2280 946 trian-

440 963 677 1025 gularis&
699 975 858 1010 acutus
881 978 893 1008 :
928 962 1121 1023 corpori
1138 959 1347 1024 proximi
1365 974 1424 1007 ex
1447 955 1554 1006 rufo
1566 955 1700 1015 fusci,
1734 957 1909 1018 reliqui
1935 957 2070 1020 lutei,
2102 962 2279 1021 puncto

437 1027 661 1088 utrinque
689 1021 948 1075 rufo-fusco
966 1045 985 1087 3
1017 1020 1117 1074 imo
1137 1020 1265 1074 linea
1281 1019 1540 1071 rufo-fusca
1559 1018 1815 1071 transversa
1836 1022 1980 1070 tribus
2001 1021 2281 1083 proceffibus
2306 1064 2312 1067 ,

441 1087 659 1141 deorsum
682 1087 1067 1139 descendentibus
1078 1085 1255 1139 donata
1269 1102 1429 1137 aream
1447 1087 1623 1136 luteam
1645 1085 1895 1135 dividente.
1926 1085 2122 1149 Ubique
2133 1086 2287 1145 hirsuf

440 1168 512 1204 tus
526 1153 610 1214 est,
625 1151 702 1208 sed
715 1155 883 1203 rariori
904 1154 1146 1217 lanugine.
1190 1153 1338 1203 Pedes
1358 1148 1458 1212 sex,
1489 1166 1691 1214 quorum
1713 1162 1912 1212 quatuor
1934 1153 2116 1213 pedtori
2137 1173 2154 1213 ,-
2188 1155 2283 1204 duo

441 1219 701 1270 anteriores
716 1216 970 1268 interstitio
990 1219 1115 1268 inter
1135 1229 1277 1282 caput
1300 1220 1348 1266 δε
1371 1215 1615 1265 thoracem
1631 1215 1773 1264 affixi.
1837 1216 1985 1266 Frons
2000 1213 2183 1264 intenff:
2202 1218 2284 1266 fla-

439 1298 522 1332 vus
542 1284 667 1333 inter
691 1296 920 1332 antennas
941 1286 988 1330 δε
1008 1281 1211 1346 forcipes
1226 1304 1250 1344 ς
1276 1281 1362 1343 qui
1381 1281 1490 1330 flavi
1506 1281 1650 1332 etiam
1666 1276 1792 1343 sunt,
1822 1279 2039 1338 dentibus
2055 1277 2136 1333 seu
2149 1278 2286 1333 serris

440 1348 589 1409 nigris
610 1348 791 1396 armati.
851 1347 998 1396 Pedes
1017 1347 1138 1396 nulli
1159 1347 1316 1396 ventri
1331 1346 1521 1395 haer'ent.
2008 1350 2011 1353 ’

507 1411 778 1460 Crabrones
807 1411 865 1459 ad
884 1411 1046 1474 Apum
1075 1410 1279 1461 alvearia
1299 1410 1493 1470 volant,
1528 1405 1721 1470 &iinter
1740 1406 1996 1457 volandum
2017 1407 2146 1471 Apes
2176 1412 2287 1474 pre.⁴

441 1470 658 1527 hendunt
677 1489 730 1524 ut
751 1476 1018 1537 Accipitres
1052 1490 1173 1524 aves.
1234 1473 1425 1523 Deinde
1456 1473 1515 1521 ad
1547 1486 1722 1522 terram
1753 1469 1849 1521 una
1884 1487 1993 1520 cum
2025 1474 2178 1532 praeda
2201 1475 2285 1524 de-

441 1535 700 1601 scendunt,
749 1537 951 1602 eamque
993 1540 1254 1598 occidunt,
1302 1540 1349 1587 ἅτ
1380 1532 1491 1586 cum
1533 1533 1665 1586 reste
1702 1536 1827 1586 inter
1860 1535 2001 1598 pedes
2031 1533 2286 1602 iocatum,

442 1603 652 1655 avolant.
1558 1631 1560 1634 <

507 1743 545 1784 F
569 1741 630 1785 W
969 1679 1172 1731 Crabrom‘
1193 1694 1384 1743 congener
1402 1679 1448 1726 in
1462 1677 1595 1728 Italia
1615 1690 1750 1743 capta.

569 1800 746 1865 Ulgari
768 1802 1017 1850 Crabrone
1038 1797 1190 1849 ma'or
1213 1796 1294 1848 est.
1358 1800 1408 1850 A
1435 1798 1683 1849 Crabrone
1705 1799 1753 1848 δε
1774 1795 1929 1863 Vespa
1946 1795 2124 1865 differt,
2156 1800 2286 1865 quod

602 1868 684 1923 alae
705 1862 857 1913 multo.
883 1861 1081 1927 majores
1120 1865 1242 1923 unt',
1266 1866 1315 1913 δε
1337 1876 1490 1912 totum
1513 1878 1681 1926 corpus
1700 1876 1892 1924 tegant,
1927 1880 2024 1925 quo
2046 1862 2288 1929 Vespifor..

448 1931 599 1979 mibus
620 1929 809 1977 similior
830 1926 926 1978 est..
978 1928 1080 1976 Alae
1108 1929 1362 1975 flavicant:
1403 1923 1556 1976 versus
1585 1925 1915 1987 extremitates,
1947 1928 2029 1975 ubi
2050 1932 2305 1984 tenuiores?

448 1999 496 2044 ὅτ,
524 1993 763 2054 pellucidae
778 1989 902 2053 sunt,
939 1987 1147 2055 purpurei
1162 1987 1426 2054 splendent.
1487 1992 1637 2039 Frons
1658 1991 1711 2040 in
1732 1991 1830 2038 alio
1852 1990 2077 2054 rubebat,
2109 1995 2163 2042 in
2184 1997 2282 2045 alio

449 2059 617 2109 coloris
638 2070 736 2105 erat
753 2058 874 2105 flavi.
940 2057 1177 2105 Antennae
1199 2068 1249 2104 ut
1264 2054 1318 2102 in
1336 2055 1680 2116 CrabronibuS,
1708 2070 1809 2117 quae
1832 2054 1885 2103 in
1914 2071 2013 2105 uno
2033 2058 2200 2121 nigrae,
2229 2062 2283 2111 in

443 2123 544 2171 alio
568 2122 776 2170 maxima
799 2136 863 2169 ex-
888 2133 1021 2183 parte
1054 2120 1200 2169 luteae.
1265 2119 1485 2184 Scapulas
1515 2135 1629 2179 una,
1661 2116 1846 2168 dorsum
1873 2134 2074 2182 quatuor
2089 2126 2292 2175 macula·

447 2201 629 2248 magnae
650 2187 775 2234 flavae
790 2186 1021 2234 ornabant
1043 2206 1060 2246 3
1094 2183 1204 2234 alias
1216 2182 1392 2244 ubique
1408 2197 1510 2232 atra
1532 2197 1661 2245 erat3
1697 2185 1804 2247 pilis
1817 2185 1962 2236 etiam
1977 2185 2087 2238 atris
2108 2186 2247 2240 hirta.

509 2249 1158 2314 Bombyliumhuicfimilem
1174 2244 1394 2298 describit
1419 2249 1484 2298 D.
1507 2246 1754 2313 Willughby.

444 2434 446 2437 ,
503 2447 540 2487 F
568 2445 629 2489 W
1235 2377 1313 2427 De
1350 2373 1506 2450 Vespa,

577 2503 697 2567 Espa
719 2507 953 2570 vulgaris,
971 2520 1022 2556 ut
1045 2507 1232 2569 reliquae
1260 2500 1392 2564 hujus
1415 2506 1620 2570 genem,
1650 2503 1685 2567 4
1706 2505 1798 2555 alas
1819 2504 1975 2556 habet.
2037 2507 2225 2572 Corpus
2246 2513 2283 2560 6-
2304 2532 2308 2535 ‘

611 2572 790 2618 annulis
807 2571 1007 2632 constat,
1041 2572 1094 2620 in
1109 2586 1305 2635 quarum
1322 2570 1552 2632 prioribus
1569 2570 1778 2631 quinque
1801 2570 1897 2619 duae
1910 2573 2104 2622 maculae
2121 2575 2278 2636 nigrae.

445 2632 681 2680 Antennae
705 2636 827 2684 utin
848 2637 1117 2696 Crabrone,
1149 2637 1271 2685 inter
1293 2636 1454 2683 oculos
1491 2636 1633 2682 etiam
1672 2637 1765 2684 tria
1799 2638 1992 2698 punem,
2023 2651 2074 2685 ut
2096 2639 2148 2686 in
2177 2639 2275 2687 illo.

445 2695 501 2742 In
525 2697 710 2760 singulis
732 2699 875 2746 etiam
899 2702 1074 2749 ventris
1110 2699 1293 2748 annulis
1317 2713 1630 2760 praeterquam
1656 2699 1850 2763 ultimiS,
1876 2701 1982 2753 sduae
1998 2703 2190 2752 maculae
2203 2703 2275 2752 ni-

436 2773 539 2822 grae.
611 2763 764 2820 Color
779 2763 927 2813 luteus
943 2761 1198 2816 transversis
1212 2763 1344 2814 lineis
1357 2764 1510 2829 nigris
1521 2764 1682 2814 varius.
2188 2826 2237 2878 D

2241 2842 2267 2877 e
