2322 3206
825 47 1170 166 '(287)

166 187 295 240 Mali
310 183 431 235 foliis
450 176 666 243 vescitur,
697 185 744 232 δε
761 182 885 232 Maii
905 185 1066 233 menfis
1082 185 1174 234 fine
1189 185 1407 247 autJunii
1428 187 1566 239 initio
1589 192 1841 247 invenitur.

78 301 94 316 ,
160 251 415 302 Februario
433 243 589 295 mense
606 248 829 296 Phalaenae
849 247 1000 297 forma
1021 251 1153 311 exiit,
1186 248 1213 297 ὲ
1230 252 1487 300 mediarum
1507 268 1680 314 genere
1710 261 1904 312 minoris

96 317 254 366 colore
275 316 514 377 pulvereo,
548 312 674 361 linea
699 313 933 362 albicante
955 315 1014 361 ad
1035 315 1129 363 alas
1150 316 1401 364 exteriores
1418 314 1689 383 transversa,
1722 327 1767 370 ἅτ
1787 304 1924 387 supr-c}

96 395 200 428 eam
234 393 381 443 prope
410 377 691 425 exteriorem
715 378 796 425 alae
831 379 1095 439 marginem
1116 380 1298 428 macula
1320 381 1456 442 nigra
1478 381 1698 446 infignis:
1729 388 1921 440 Plenio-

92 459 193 493 rem
213 440 578 506 descriptionem
597 441 705 490 vide
727 457 817 504 pro
838 439 1060 492 Phalaenzi
1075 445 1190 492 anni
1216 448 1358 505 1697,
1391 442 1557 506 prima.

392 585 441 631 7.
473 576 614 620 Eruca
634 576 847 618 Geometra
868 584 1007 632 parva
1026 570 1165 634 longa,
1191 572 1388 635 gracilis,
1420 573 1597 621 viridis.

259 698 432 747 Edium
462 693 650 747 dorsum
678 698 803 748 linea
836 697 995 746 viridis
1015 694 1263 747 saturatior
1293 696 1545 748 secundum
1569 702 1915 765 longitudinem

290 764 524 824 percurrit
544 779 557 809 ε
588 763 736 810 latera
756 761 976 812 albicant.
1038 763 1166 810 Maii
1182 763 1324 812 initio
1342 780 1416 812 an.
1436 770 1573 825 1697·
1590 769 1783 817 inventa
1799 766 1878 817 est.

144 824 263 875 Haec
289 827 461 887 pariter
478 825 602 876 Mal-i
622 823 746 872 foliis
766 826 966 885 vietitat,
999 828 1047 876 δε
1065 827 1234 876 eodem
1254 840 1463 889 tempore
1481 830 1588 877 exit.

144 889 208 938 In
225 890 471 939 Aureliam
492 890 690 940 viridem
712 903 927 937 mutatur.
1132 897 1137 902 “
1622 896 1628 899 “

82 1019 130 1071 8.
163 1023 303 1068 Eruca
323 1022 538 1067 Geometra
556 1013 859 1079 bacillifhrmis‚
889 1014 1045 1128 οᾷβαέᾃ
1060 1015 1221 1128 ᾒιᾷνιι,
1251 1020 1427 1067 maculis
1449 1019 1508 1067 ad
1534 1020 1665 1068 latera
1695 1019 1800 1068 albis
1821 1040 1913 1068 cum

810 1097 944 1144 mgrts
965 1100 990 1130 a
1013 1086 1126 1145 μινεὲ
1139 1086 1190 1131 is.

194 1210 500 1273 Ongitudine
529 1206 597 1257 est
620 1203 890 1258 sescunciali
918 1205 1113 1274 maiore,
1147 1211 1305 1258 culmo
1337 1211 1524 1259 triticeo
1555 1211 1801 1273 gracilior,
1835 1227 1914 1260 co²

163 1293 171 1301 ·
223 1275 325 1323 lore
361 1287 412 1322 ut
444 1274 497 1322 in
537 1273 705 1324 titulo:
736 1270 874 1336 supra
897 1275 1093 1321 caudam
1115 1274 1240 1323 linea
1261 1276 1509 1336 praetenuis
1529 1276 1750 1323 undulata
1768 1273 1914 1324 trans-

79 1334 221 1384 versa.
284 1340 508 1399 Corpore
537 1339 698 1386 erebro
729 1336 867 1394 (non
901 1338 959 1386 ad
995 1338 1220 1401 angulum
1253 1341 1460 1399 rectum,
1492 1336 1569 1388 sed
1589 1335 1911 1394 semirec‘tum)

76 1400 270 1462 pedibus
288 1400 619 1463 posterioribus
639 1401 804 1449 innixa
824 1398 950 1450 sedet
980 1398 1121 1461 quam
1140 1399 1401 1449 diutisfime.
1465 1402 1625 1452 Vatiat
1649 1403 1809 1450 colore
1837 1403 1913 1452 in-‚

77 1464 276 1512 tenfiore
294 1469 340 1512 δε
360 1462 625 1513 remissiore.

143 1527 269 1576 Mali
296 1527 419 1576 foliis
444 1525 665 1586 vescitur,
696 1529 743 1575 Sc
762 1526 891 1575 Maii
911 1544 972 1578 rn.
1003 1528 1097 1577 fine
1123 1529 1250 1578 exit:
1285 1529 1434 1577 calida
1464 1527 1736 1591 tempestate
1760 1522 1913 1576 citius·

78 1592 210 1653 Quas
232 1592 327 1640 hoc
348 1607 475 1641 anno
509 1587 703 1653 [1697.]
737 1592 941 1641 minores
964 1607 1097 1642 erant
1123 1596 1169 1640 δε
1190 1595 1474 1656 graciliores·

78 1735 153 1771 10.
188 1725 326 1768 Eruca
340 1723 555 1768 Geometra
576 1717 682 1767 med.
697 1735 839 1783 magn.
872 1718 893 1768 ὲ
913 1719 1019 1767 luteo
1042 1719 1204 1779 sordid&
1218 1720 1421 1784 albicans,
1453 1720 1629 1769 maculis
1647 1716 1803 1779 obscur&
1817 1716 1910 1781 fiel-

134 1789 223 1852 vis*
239 1789 390 1845 varia,
421 1800 515 1831 cum
546 1782 700 1831 duabus
719 1788 766 1831 in
779 1784 918 1832 'medio
934 1784 1045 1847 dorfh
1064 1785 1242 1850 oblongi)
1260 1788 1442 1850 pilorum
1458 1784 1679 1852 fhsciculis
1692 1781 1766 1845 seu
1795 1788 1907 1846 peni-

137 1849 244 1902 cillis
257 1849 459 1912 angustis.
516 1847 819 1900 Katharine’s
834 1854 988 1899 Eruca.

184 1977 379 2038 Orpore
415 1974 481 2024 est
515 1987 566 2023 ut
601 1975 655 2022 in
692 1974 786 2022 hoc
820 1989 1012 2037 genere,
1044 1974 1191 2035 brevi,
1223 1974 1374 2024 rostro
1391 1978 1633 2040 oblongo:
1666 1977 1717 2023 in
1746 1974 1902 2022 medio

212 2037 350 2089 dorso
374 2041 556 2087 macula
573 2038 799 2099 insignior
820 2035 1013 2087 obscure
1040 2037 1141 2087 rufa
1168 2041 1224 2088 ad
1247 2038 1447 2088 rostrum
1465 2041 1748 2089 extenditur.
1812 2040 1901 2085 Pe-

70 2104 224 2153 nicilli
240 2104 333 2152 duo
352 2104 507 2151 medio
528 2099 666 2151 dorso
691 2099 1002 2162 innascentes,
1034 2103 1406 2152 characteristica
1436 2103 1566 2165 hujus
1594 2102 1770 2166 speciei
1784 2115 1899 2150 nota

72 2166 153 2217 est.
220 2168 439 2231 Corpore
454 2165 553 2216 fere
567 2164 748 2228 semper
772 2167 824 2214 in
853 2168 1078 2229 angulum
1106 2170 1349 2216 contracto
1374 2171 1566 2231 pedibus
1584 2171 1641 2217 ad
1660 2181 1800 2229 caput
1817 2166 1898 2213 ad-

69 2232 217 2280 duciis
237 2229 377 2280 sedet.
1002 2261 1007 2265 -

133 2295 452 2359 Periclymeni
481 2294 605 2345 foliis
636 2291 861 2356 vescitur,
904 2299 952 2344 δι’
988 2294 1215 2345 rarissime
1236 2312 1326 2347 nec
1357 2297 1440 2346 nifi
1464 2294 1604 2345 semel
1630 2297 1682 2345 in
1708 2296 1785 2344 die
1819 2291 1895 2353 (ut

103 2369 209 2419 uto)
241 2362 353 2409 edit.
684 2363 685 2366 ’
1509 2393 1512 2397 .

68 2377 100 2425 p
135 2426 298 2476 Primo
320 2439 456 2484 vere,
501 2419 580 2471 sed
610 2420 858 2485 frigidiore
888 2423 1159 2486 tempestate
1190 2422 1331 2474 serius
1357 2426 1467 2474 exit.
1501 2459 1503 2462 .
1533 2425 1681 2474 Circa
1701 2420 1889 2472 initium
1942 2463 1949 2468 ,

64 2490 198 2551 Junii
218 2489 310 2537 hoc
331 2504 458 2536 anno
479 2493 616 2549 1695.
649 2489 702 2537 in
723 2489 965 2537 Aureliam
998 2503 1175 2538 mutata
1208 2489 1274 2537 est
1305 2487 1500 2538 insolitae
1529 2490 1705 2554 figurae,
1737 2485 1891 2560 capite

70 2558 117 2602 &t
152 2553 344 2601 thorace
366 2553 619 2600 admodum
642 2551 817 2612 craff0‚
850 2554 997 2602 cauda
1030 2551 1106 2601 seu
1143 2554 1393 2603 abdomine
1420 2555 1553 2603 brevi
1582 2553 1758 2602 conicae
1793 2556 1891 2595 iere

65 2619 226 2730 1figurae
248 2634 259 2664 :
296 2616 579 2730 taxati-<imque
601 2617 865 2667 Phalaenam
881 2633 1048 2679 raram,
1080 2619 1222 2667 tribus
1245 2632 1502 2680 quatuorve
1523 2618 1758 2668 coloribus
1775 2627 1888 2660 com

86 2696 289 2745 plenam,
326 2695 351 2727 a
387 2694 454 2729 nt.

1647 2825 1718 2856 11.
1753 2811 1889 2853 Erum
