2322 3206
892 75 926 167 (
972 82 1095 168 323
1149 76 1177 168 )

418 243 650 300 Phalaenae
675 264 797 300 anno
820 246 975 320 1697.
1013 246 1264 320 obfirvatae
1288 248 1347 307 ὠ
1376 249 1621 326 destriptae.

117 374 163 424 ἰ.
196 371 394 424 Ρῇαἷιεηῖτ
415 393 464 426 ex
497 376 728 426 mediarum
754 395 897 444 genere
918 381 1070 441 minor,
1101 378 1224 428 colore
1255 379 1275 428 ὲ
1301 379 1492 445 pulvereo
1522 382 1704 444 rubente,
1746 381 1859 430 lined
1893 388 1937 431 in

179 440 443 490 exterioribus
475 441 559 490 alis
591 442 832 506 transverfd'
869 447 997 509 nigrai
1041 442 1098 497 Θ
1125 444 1254 509 supra
1291 464 1380 495 eam
1406 448 1554 510 punblo
1576 452 1707 512 nigro.
1772 448 1939 498 Lineal

179 505 388 569 Squares.

261 636 343 685 Lis
372 631 440 684 est
473 634 760 685 brevioribus
797 639 845 686 δε
876 633 1064 686 modice
1099 637 1214 686 latis.
1277 637 1428 686 Linea
1457 634 1713 687 transversa
1734 634 1939 687 albicans

293 696 370 760 {tsi
391 700 577 748 circiter
595 701 904 762 longitudinis
919 713 1050 764 parte
1072 700 1130 750 ab
1147 702 1242 749 ima
1258 702 1330 749 ala
1346 701 1512 752 distat:
1546 700 1680 766 supra
1702 717 1807 752 eam
1828 717 1940 765 pro-=

111 777 174 824 pe
195 764 477 812 exteriorem
497 763 578 810 alae
600 764 861 824 marginem
884 767 1110 828 punemm
1129 765 1317 826 nigrum
1336 766 1556 814 cernitur.
1619 769 1730 815 Pars
1754 767 1835 814 ala:
1864 767 1940 812 in⁶

110 825 183 874 fra
214 827 391 876 lineam
411 822 716 878 transversam
739 826 881 892 paulo
903 829 1096 878 dilutior
1117 827 1183 877 est
1198 825 1337 889 quam
1358 825 1507 891 supra.
1572 831 1676 892 Alae
1695 829 1937 878 interiores

109 890 337 952 albicant,
368 892 636 954 habentque
665 894 840 953 pariter
874 893 1106 942 maculam
1127 893 1312 955 nigram
1336 895 1501 941 eodem
1527 891 1622 942 fere
1641 895 1694 941 in
1715 895 1824 941 loco
1841 909 1938 955 quo

106 955 398 1068 Exteriore&
430 956 546 1018 quin
567 959 615 1007 δε
631 956 690 1003 ad
717 956 863 1008 imum
889 958 1151 1022 marginem
1173 958 1347 1005 lineam
1367 955 1393 1005 ὲ
1407 957 1639 1020 punstulis
1658 957 1807 1020 nigris
1822 972 1941 1006 con-

142 1030 281 1068 atam.

90 1105 94 1107 “
175 1084 250 1132 Ex
283 1084 438 1132 Eruca
471 1083 730 1131 Geometra
758 1086 923 1144 quinta
957 1086 1072 1134 anni
1121 1090 1259 1148 1695.
1301 1083 1558 1134 Februario
1603 1081 1762 1133 mense
1805 1085 1937 1133 exiit.

96 1146 326 1195 ‘Thecam
349 1144 428 1194 seu
449 1144 710 1194 folliculum
731 1148 812 1196 fibi
830 1151 1002 1210 texuit,
1033 1151 1085 1198 in
1108 1165 1205 1212 quo
1218 1150 1422 1208 latitanS,
1454 1150 1506 1197 in
1522 1149 1766 1200 Aureliam
1779 1149 1942 1197 leuco-

106 1212 226 1274 phaei
248 1212 419 1260 coloris
436 1210 692 1272 pallidioris
711 1227 906 1274 mutata,
939 1229 1022 1274 per
1043 1213 1265 1277 hyemem
1283 1213 1482 1261 duravit.

171 1276 382 1338 Spatium
399 1276 544 1322 latum
565 1272 873 1324 transversum
896 1278 1077 1339 reliqua
1091 1279 1170 1341 ,ala
1192 1274 1428 1325 obscurius
1449 1276 1574 1324 linea
1592 1273 1852 1335 supradieca
1873 1275 1942 1324 al-

105 1336 314 1399 bicante,
346 1338 484 1399 eique
509 1339 734 1400 contigua
753 1341 886 1401 nigra
900 1337 1110 1401 inferius,
1142 1345 1189 1389 δε
1205 1340 1472 1403 nigricante
1482 1336 1694 1402 ‘superius
1716 1356 1816 1387 non
1834 1341 1940 1388 lon·

103 1402 168 1466 ge
197 1403 256 1452 ab
277 1413 446 1452 exortu
463 1400 544 1448 alae
572 1402 864 1451 terminatur.
925 1405 1088 1452 Lineae
1111 1405 1256 1466 nigrae
1280 1408 1327 1452 δε
1358 1405 1582 1464 pune'tum
1598 1404 1866 1465 praedictum
1888 1405 1940 1453 in

101 1482 258 1532 prona
280 1469 458 1515 alarum
477 1462 719 1526 superficie
734 1462 901 1516 clarius
920 1479 1163 1530 apparent,
1228 1468 1328 1518 Alae
1349 1467 1597 1515 interiores
1621 1468 1674 1516 in
1696 1481 1847 1528 prona
1871 1465 1941 1515 fa-

98 1533 181 1582 cie
201 1533 312 1580 duas
332 1532 477 1580 lineas
495 1542 702 1578 arcuatas
730 1531 888 1594 nigras
909 1532 1155 1592 obtinent3
1189 1545 1333 1579 unam
1363 1528 1390 1577 ὲ
1422 1531 1606 1591 punctis
1635 1531 1940 1593 compositam

54 1626 58 1629 <
101 1596 164 1645 ad
186 1596 335 1645 imum
359 1595 442 1643 alae
470 1593 736 1658 marginem
751 1591 887 1657 supra
908 1595 1157 1655 fimbriam,
1190 1594 1385 1642 alteram
1407 1595 1533 1643 circa
1554 1594 1756 1643 mediam
1783 1596 1940 1660 longi-

103 1660 337 1721 tudinem,
369 1663 418 1709 &
433 1655 571 1721 supra
595 1671 699 1706 eam
716 1661 941 1721 punzstum
958 1661 1147 1723 nigrum
1165 1655 1428 1707 ostendunt.

103 1810 150 1845 2.
182 1788 386 1837 Phalaena
407 1786 426 1835 ὲ
447 1786 678 1836 mediarum
688 1802 832 1849 genere
852 1791 1007 1848 minor,
1036 1786 1161 1834 colore
1173 1786 1366 1850 pulvereo
1389 1803 1481 1832 cum
1502 1784 1586 1847 rufi
1600 1785 1801 1847 tinft'ura,
1823 1785 1942 1850 figuss

165 1855 218 1902 rei
240 1853 397 1917 cyphrae
420 1856 448 1902 8
474 1857 520 1900 in
552 1850 634 1897 alis
648 1851 915 1900 exterioribus
936 1863 1093 1900 notata.
1158 1853 1287 1897 Hanc
1299 1848 1504 1912 superiore
1524 1853 1653 1896 etiam
1670 1868 1776 1897 anno
1793 1851 1940 1912 habui,

159 1934 235 1982 pro
257 1919 412 1965 obiava
435 1913 692 1976 describitur.

250 2046 425 2094 Larum
446 2040 593 2103 figura
615 2039 898 2103 praecedenti
914 2040 1067 2090 fimilis
1083 2038 1165 2097 est,
1198 2041 1279 2089 alae
1298 2053 1453 2090 tamen
1477 2040 1720 2102 aliquanto
1747 2039 1938 2102 longio-

106 2050 243 2170 Α
281 2125 350 2158 res
373 2111 419 2156 &
438 2102 728 2167 angustiores
748 2102 883 2155 sunt:
917 2106 1171 2155 exteriores
1194 2104 1448 2169 nonlonge
1461 2105 1518 2153 ab
1536 2106 1634 2152 imo
1652 2107 1777 2155 linea
1795 2101 1941 2153 trans-

102 2173 228 2221 versa
254 2173 489 2221 albicante
512 2171 537 2216 ἐ
558 2170 1008 2233 punstiscompofita
1031 2168 1252 2218 distinctae
1274 2188 1287 2218 z
1319 2166 1455 2232 supra
1476 2170 1528 2217 in
1550 2171 1705 2218 media
1742 2170 1816 2217 ala
1832 2182 1939 2216 ver-

32 2272 36 2274 -
101 2234 171 2286 sus
193 2238 313 2286 latus
333 2236 533 2284 exterius
555 2235 650 2281 duo
672 2235 855 2284 circelli
876 2236 1127 2283 albicantes
1155 2235 1386 2295 contigui,
1421 2249 1621 2295 quorum
1654 2249 1767 2283 areae
1788 2233 1939 2296 nigri-

100 2316 231 2363 cant,
267 2305 293 2349 8
318 2300 548 2364 cyphram
569 2296 819 2347 referentes
831 2336 850 2360 ,
885 2312 1152 2348 cernuntur.
1217 2299 1318 2347 Alae
1342 2298 1587 2345 interiores
1608 2298 1814 2346 albicant
1836 2311 1937 2344 ma-

101 2367 188 2429 gis,
222 2365 490 2426 habentque
505 2364 555 2409 in
573 2364 731 2409 medio
749 2360 1054 2425 suipundium
1079 2362 1336 2423 nigricans,
1358 2359 1479 2408 infra
1504 2362 1629 2422 quod
1649 2363 1774 2410 linea
1788 2357 1936 2408 trans-

99 2428 227 2479 versa
250 2444 455 2488 arcuata,
488 2426 514 2475 ὲ
550 2427 783 2488 punciulis
805 2429 951 2489 nigris
983 2427 1250 2490 composita.
1317 2425 1524 2488 Scapulae
1549 2425 1770 2489 lanugine
1790 2426 1935 2488 longa
1997 2438 1999 2441 ·

101 2493 130 2543 ὲ
162 2495 384 2557 pulvereo
407 2487 721 2541 cinerascente
745 2489 1016 2540 vestiuntur.

168 2561 242 2608 Ex
260 2561 412 2608 Eruca
437 2555 818 2620 quinquelineari
831 2592 848 2617 ,
882 2557 1017 2606 lineis
1039 2553 1153 2603 albis
1175 2557 1220 2604 δε
1242 2554 1389 2616 nigris
1406 2549 1659 2605 secundum
1677 2551 1936 2617 longitudi-

102 2638 213 2673 nem
235 2624 435 2685 depista,
468 2621 630 2670 oritur.

972 2814 1021 2863 T
1040 2828 1057 2862 t
1094 2831 1122 2863 2
1763 2826 1801 2871 ς.
1824 2807 1933 2857 Pha.
