2322 3206
875 49 1129 140 (27)

88 158 220 216 biles,
249 154 460 205 textrinae
494 150 708 217 apprime
724 162 1094 209 accommodatas
1114 181 1131 223 ,-
1165 175 1361 224 quarum
1386 160 1519 225 >quod
1537 164 1634 213 duae
1663 163 1918 230 superiores

87 222 187 273 fere
209 221 396 283 reliquis
422 220 659 282 longiores
680 217 801 281 sunt,
834 227 881 271 &t
908 224 1042 274 valde
1067 226 1344 290 conspicuae,
1374 228 1605 277 bifurcatal
1622 230 1768 280 caudzi
1784 235 1919 296 infig-

89 289 183 336 niri
200 286 429 334 videntur.
494 302 538 332 2.
572 285 646 332 Ex
665 299 864 345 quatuor
880 292 1042 339 mediis
1060 292 1226 352 oculiS,
1260 295 1344 354 qui
1362 293 1455 342 duo
1478 295 1552 342 ori
1568 298 1809 358 propiores
1833 300 1921 347 mi-

89 347 174 400 nus
202 352 329 398 inter
350 347 394 397 se
417 347 586 397 distant
608 347 748 410 quern
768 351 904 401 alteri
933 355 1034 403 bini
1053 351 1322 419 superiores.
1394 374 1432 421 3.
1466 359 1580 407 Duo
1597 359 1822 421 postremi
1839 378 1919 424 pe-

88 416 166 464 des
195 414 392 462 totidem
414 415 670 462 anteriores
691 414 992 478 longitudine
1009 420 1084 469 vel
1104 418 1342 484 luperam,
1374 422 1450 472 vel
1477 436 1674 485 aequant.
1736 443 1783 487 4.
1812 427 1919 475 Ple-

86 477 258 542 rosque
280 475 373 528 effe
389 476 575 541 pilosos,

85 606 272 660 Aranei
297 605 518 660 lintearii
545 606 734 680 denfitm
760 607 821 663 ὠ
837 606 1032 680 spiffam
1068 610 1218 663 telam
1244 609 1553 687 cohficientes‘,
1590 612 1779 688 ipftsque
1807 594 1921 677 ielis

557 695 698 757 prope
725 681 1096 760 infundtbqlum
1122 684 1440 759 nidtficantes.
1524 760 1528 769 ν

142 817 244 866 Tit.
255 816 417 866 XVII.
450 809 641 868 Araneu‘s
657 817 882 884 subflavus
905 816 1105 882 hirsutus,
1135 819 1358 885 praelongis
1381 821 1564 887 pedibus,
1600 824 1852 890 domesticus.

77 938 259 1056 INter
278 939 540 989 mediocres
562 940 643 989 est.
711 942 866 990 Color
888 942 933 990 ei
962 938 1185 991 subflavus
1205 956 1286 991 aut
1307 941 1481 1006 pallide
1501 940 1670 1006 fuscus,
1703 949 1911 998 maculo-

162 1001 253 1062 sus,
287 1001 496 1053 hirsutus
557 1007 703 1054 Oculi
723 1007 978 1068 nigricant,
1008 1010 1058 1066 ιδιε
1075 1007 1210 1056 valde
1232 1006 1475 1070 conspicui
1496 1006 1617 1057 sunt.

140 1069 289 1116 Alvus
309 1069 353 1115 ei
375 1069 535 1131 plena,
570 1068 666 1119 fere
689 1071 856 1132 aequali
879 1068 1093 1131 craffitie,
1130 1069 1265 1134 supr&
1288 1072 1463 1134 duplici
1490 1069 1793 1125 subflavarum
1813 1094 1911 1126 ma—

76 1133 287 1183 cularum
302 1129 420 1181 serie
441 1134 704 1195 infignitur,
736 1137 851 1183 item
869 1135 980 1182 huic
1002 1136 1178 1183 ibidem
1198 1139 1407 1196 quaedam
1425 1133 1628 1184 obscurae
1648 1139 1829 1190 lineolae
1850 1143 1910 1190 ad

74 1199 272 1262 angulos
294 1210 452 1244 acutos
470 1211 775 1246 concurrunt.
792 1254 794 1256 Ι

135 1259 378 1310 Vetustate
392 1260 509 1308 fiunt
526 1258 666 1310 facile
679 1261 894 1310 omnium
909 1258 1058 1310 multo
1077 1261 1367 1325 grandiores,
1404 1277 1453 1311 ut
1468 1264 1763 1316 Araneorum
1772 1284 1907 1317 mon-

70 1322 159 1374 stra
179 1327 459 1374 videantur:
494 1337 543 1372 at
572 1326 621 1373 id
650 1342 751 1374 non
775 1326 832 1372 ab
867 1325 961 1372 alvi
993 1327 1306 1386 incremento,
1341 1342 1439 1388 quae
1468 1327 1566 1376 fere
1590 1332 1730 1380 etiam
1759 1334 1804 1380 in
1841 1335 1909 1383 his

69 1391 264 1439 modicae
287 1406 368 1439 aut
385 1390 581 1438 minoris
601 1389 941 1453 magnitudinis
963 1389 1046 1453 est,
1080 1389 1156 1439 sed
1180 1391 1231 1437 in
1248 1387 1425 1439 summa
1445 1395 1907 1462 pedumfflongicu-

69 1455 201 1515 dine,
234 1458 281 1503 &
306 1452 522 1513 craffitie,
553 1457 601 1502 δε
628 1451 833 1502 hirsutie.
873 1453 969 1501 Hi
987 1450 1099 1502 vero
1119 1453 1342 1503 rariffime
1364 1471 1630 1506 occurrunt.

135 1520 194 1567 In
211 1518 414 1566 aedificiis
439 1514 657 1580 squalidis
684 1519 885 1567 nimium
909 1516 1154 1581 frequens:
1188 1519 1241 1568 in
1265 1517 1403 1583 sylvis
1427 1524 1572 1571 etiam
1605 1524 1852 1586 aliquoties
1877 1523 1905 1575 ὲ

68 1598 144 1632 me
166 1585 381 1632 inventus
403 1580 483 1631 est.
647 1597 656 1604 ·

124 1649 257 1710 Julio
275 1660 476 1695 exeunte
495 1648 705 1697 nidificat
726 1649 778 1697 in
795 1648 953 1697 medio
975 1648 1124 1698 linteo
1145 1665 1295 1713 prope
1313 1648 1678 1712 infundibulum,
1713 1667 1809 1715 quo
1831 1653 1903 1702 lo-

66 1729 126 1762 co
145 1708 374 1776 perpetuo
397 1708 442 1759 se
462 1714 677 1764 continet
702 1714 761 1761 ad
781 1714 1081 1776 praedandum
1104 1733 1115 1762 :
1145 1715 1249 1778 ipfis
1266 1731 1421 1771 autem
1439 1716 1536 1763 ovis
1561 1713 1903 1779 superinjicitur

64 1778 208 1826 altera
231 1778 324 1824 tela
344 1778 500 1832 nivea,
532 1792 588 1825 ac
608 1779 639 1825 fi
669 1793 724 1825 ea
751 1780 876 1826 intra
909 1778 1020 1826 telas
1053 1781 1309 1828 intertexta
1339 1778 1539 1828 fuissent.
1605 1782 1716 1829 Ova
1743 1783 1899 1832 albida

62 1839 187 1902 sunt,
218 1841 508 1903 minimeque
530 1843 655 1891 inter
670 1840 717 1892 se
729 1843 981 1904 cohaerent,
1014 1840 1092 1892 sed
1107 1858 1274 1909 aperto
1288 1843 1502 1894 folliculo
1517 1843 1753 1894 dissiliunt.

63 1969 164 2033 Tit.
187 1970 374 2020 XVIII.
407 1970 601 2016 Amnem
623 1975 800 2018 cinereus
822 1976 1051 2030 maximus,
1084 1977 1157 2021 ani
1180 1972 1466 2038 appendicibus
1496 1973 1710 2035 irfigniter
1740 1979 1895 2037 promi-

872 2038 1073 2085 mnitibus.

232 2160 416 2211 Aximis
437 2160 631 2215 Araneis
650 2165 1022 2212 annumerandus
1043 2163 1109 2213 est
1131 2186 1145 2226 3
1179 2165 1312 2214 color
1326 2163 1369 2212 ei
1385 2164 1594 2214 cinereus
1610 2178 1688 2214 aut
1705 2164 1893 2216 sublivi-

264 2227 357 2273 dus.
422 2226 625 2273 Humeri
643 2225 775 2288 fusci,
805 2227 953 2287 craffi,
986 2226 1042 2276 in'
1058 2231 1215 2278 medio
1240 2224 1482 2291 paululum
1501 2228 1738 2293 fastigiati.

122 2292 268 2339 Pedes
286 2288 434 2348 crasfi,
468 2288 767 2353 longiusculi,
798 2289 988 2353 spinulis
1006 2292 1185 2354 hirsuti,
1216 2292 1452 2353 maculosi,
1473 2294 1691 2357 idemque
1708 2297 1765 2344 de
1783 2312 1889 2345 cor-

58 2354 226 2403 niculis
258 2355 435 2402 dietum
469 2355 531 2400 fit.
599 2357 721 2404 Tela
748 2371 805 2403 ex
832 2370 933 2403 atro
956 2358 1139 2406 rubent.
1202 2360 1349 2407 Alvus
1370 2355 1611 2418 sublivida,
1646 2361 1783 2422 plena
1805 2362 1884 2409 ad-

57 2420 268 2479 modum,
301 2418 589 2481 productior,
619 2417 646 2467 ὲ
672 2423 860 2481 pectore
883 2418 1122 2482 paululum
1143 2423 1332 2470 declivis
1353 2419 1430 2469 seu
1450 2426 1763 2473 acuminatior
1784 2441 1887 2473 ver-

57 2479 126 2531 sus
149 2500 309 2542 anum,
342 2480 480 2545 supr&
506 2485 726 2546 utrinque
753 2485 939 2533 circiter
970 2482 1086 2534 senae
1113 2487 1295 2535 lineolae
1322 2483 1584 2547 subalbidae,
1618 2491 1675 2536 ad
1699 2487 1887 2537 obtusos

55 2549 248 2609 angulos
272 2563 506 2596 coeuntes.
571 2549 749 2597 Venter
770 2545 944 2609 fuscus,
990 2550 1167 2613 planus.
1233 2552 1311 2601 Ab
1339 2565 1433 2599 ano
1468 2554 1679 2601 eminent
1713 2570 1772 2601 ex
1799 2569 1881 2614 ap-

56 2613 325 2687 pendicibus
354 2609 557 2662 maxime
593 2615 708 2676 duae,
740 2615 865 2663 velut
887 2615 1033 2663 altera
1051 2615 1295 2666 cornicula
1311 2637 1327 2678 ,-
1361 2631 1470 2678 quas
1489 2618 1598 2665 dum
1620 2618 1879 2680 ingr-odiunt⁴

19 2708 22 2712 ι
55 2690 283 2738 perpetuo
302 2691 500 2725 motitat.

979 2807 1018 2855 E
1055 2822 1082 2855 2
1718 2805 1888 2859 Mense
