2322 3206
813 120 846 210 (
897 140 929 182 2
943 140 1020 210 59
1069 121 1100 211 )

306 280 316 282 ἴ
359 287 441 354 29.
473 287 603 355 Vespa
623 290 862 341 ichneumon
884 292 966 340 alis
982 305 1188 357 tanquam
1206 288 1439 344 dtrdm'ento
1451 294 1633 361 inftffin‘

43 471 49 476 ‚1
86 415 392 547 UNciam
410 421 756 486 propemodum
777 423 920 485 longa
939 421 1033 473 est:
1067 424 1265 473 Cornua
1285 423 1429 487 longa
1444 426 1581 489 nigra
1601 422 1734 487 sunt3
1766 427 1913 476 Pedes

247 486 390 534 etiam
406 487 537 550 nigri
561 504 575 536 ε
624 488 785 552 Caput
812 485 999 550 insuper
1029 491 1076 536 8c
1115 491 1274 550 peetus
1304 490 1479 554 nigra3
1513 485 1674 540 verum
1707 492 1758 540 in
1774 489 1912 549 dorso

84 563 177 603 tres
197 550 274 603 vel
293 564 495 614 quatuor
511 552 677 603 annuli
698 553 872 603 crocei.
933 553 1034 605 Alae
1054 555 1184 602 velut
1199 567 1462 604 atramento
1476 556 1766 606 inficiuntur.

623 682 678 734 V
669 679 772 754 espae
796 679 1122 735 ichneumones
1139 684 1361 737 minim.

91 803 270 869 rMufiae
308 808 529 872 Cynosbati
558 809 796 876 spongiolae.
859 810 998 877 Vespae
1035 811 1153 873 rofieae
1192 806 1453 864 Mentzelii
1484 813 1656 880 Ephem.
1690 816 1889 867 German}

751 882 839 926 An.
865 893 938 924 12.
976 875 1154 937 Obfhrv.
1174 896 1247 927 10.
1422 897 1432 901 ·

77 999 243 1124 DE
265 1000 334 1050 his
349 1002 402 1051 in
416 1001 558 1051 Catal.
577 1000 717 1050 Plaizt.
735 1004 914 1052 Cantab.
929 1004 1045 1054 Haec
1060 1006 1177 1054 olim
1189 1002 1465 1069 scripsimus,
1475 1006 1792 1070 -Spongiolam
1806 1007 1908 1057 Ro-

80 1099 89 1102 -
231 1063 288 1114 sae
320 1068 499 1116 caninae
536 1066 749 1130 Bedeguar
782 1069 1004 1118 Officinis
1032 1086 1290 1133 ¹perperam
1312 1071 1502 1130 dietam,
1533 1072 1757 1133 siquidem
1782 1071 1910 1126 Beda

48 1186 56 1191 ι
69 1144 181 1192 guar
197 1130 377 1179 Cardui
392 1144 537 1192 genus
555 1130 641 1188 est,
675 1133 707 1178 fi
725 1133 962 1197 incideris,
992 1135 1258 1182 vermiculis
1289 1131 1565 1194 quibusdam
1585 1136 1766 1195 exiguis
1795 1135 1911 1183 albis

74 1194 199 1242 intus
216 1191 437 1241 refertam
452 1194 675 1243 invenies·
739 1196 782 1244 E
798 1198 1064 1245 vermiculis
1093 1195 1221 1246 hisce
1249 1198 1563 1246 Cantharides
1578 1196 1705 1247 nasci
1721 1201 1910 1247 tradunt

75 1257 282 1320 Spigelius
304 1256 412 1320 [stig.
429 1258 500 1305 lib.
523 1277 564 1307 1.
588 1274 674 1322 cap.
696 1276 768 1306 10.
802 1261 1032 1322 Mouffetus
1047 1262 1195 1309 Theat.
1224 1261 1363 1321 Insker.
1379 1260 1506 1309 libiz.
1527 1278 1612 1322 cap.
1634 1280 1708 1309 20.
1741 1265 1910 1312 &Ari-

64 1323 165 1385 βοΐ.
181 1322 300 1385 Hist.
317 1321 392 1369 lib.
409 1337 448 1384 ς’.
467 1337 555 1385 cap.
573 1340 647 1382 19.
681 1338 743 1371 an
761 1322 888 1371 rec‘ce
908 1339 966 1372 ex
988 1322 1284 1385 sequentibus
1297 1326 1469 1372 Lector
1490 1326 1739 1388 intelliget.
1804 1327 1908 1388 Qui

72 1402 161 1449 per
181 1386 402 1448 hyemem
419 1387 470 1433 in
488 1383 702 1449 Spongia
717 1384 961 1435 latitarunt
983 1387 1120 1446 (nam
1139 1386 1465 1436 reservavimus
1485 1390 1761 1444 nonnullos)
1774 1405 1908 1439 men-

70 1448 118 1500 se
151 1449 295 1499 Maio
332 1450 459 1509 annis
481 1447 714 1510 sequentis
729 1447 990 1499 muscarum
1011 1448 1167 1500 forma
1189 1453 1473 1514 prodierunt.
1540 1455 1710 1514 Figura
1727 1458 1774 1502 δε
1797 1470 1911 1516 pro-

74 1515 237 1578 portio
253 1516 465 1577 corporis
477 1515 703 1561 Formicae
713 1516 895 1564 volanti
910 1513 1239 1578 respondebat,
1271 1514 1710 1581 magnitudopaulo
1734 1520 1906 1567 minor.

71 1582 237 1641 Caput
250 1579 320 1627 his
353 1583 401 1628 δε
433 1578 617 1625 humeri
635 1579 788 1640 nigri3
822 1581 963 1642 nigro
985 1585 1032 1629 δε
1048 1581 1180 1629 tenui
1195 1581 1276 1629 filo
1295 1582 1404 1630 alvo
1426 1583 1628 1630 adnexi:
1662 1582 1791 1629 oculi
1812 1583 1902 1630 eti-

7 1677 11 1680 -
71 1660 149 1694 am
183 1641 297 1702 (pro
319 1643 617 1692 Animalculi
636 1644 845 1702 ratione)
878 1646 1043 1706 magni
1059 1647 1226 1693 eodem
1254 1646 1415 1694 colore
1433 1646 1752 1708 tingebantur.
1820 1647 1908 1695 Al·

70 1725 168 1769 vus,
198 1704 436 1771 superiore
447 1704 517 1755 sui
530 1720 663 1770 parte
684 1705 937 1767 rufescens,
972 1708 1211 1770 inferiore,
1248 1711 1332 1757 nisi
1361 1709 1441 1757 ubi
1479 1711 1671 1759 maculis
1710 1711 1909 1758 notaba-

72 1788 165 1833 tur,
201 1770 228 1818 ὲ
248 1775 377 1821 luteo
392 1772 592 1831 virebat,
626 1786 828 1833 excepto
855 1773 989 1834 ipfius
1017 1775 1172 1821 caudae
1194 1775 1328 1836 apice
1351 1774 1632 1834 nigricante.
1699 1775 1907 1823 Maculae

7 1846 17 1860 ‘·
69 1835 167 1900 jam
185 1838 317 1885 diecae
337 1837 445 1885 duas
460 1832 541 1884 sub
563 1850 728 1885 ventre
745 1837 892 1885 lineas
912 1838 1247 1899 conficiebant,
1281 1839 1476 1899 fingulas
1502 1838 1685 1901 punffis
1705 1839 1852 1900 nigris
1877 1854 1900 1899 ς

70 1899 349 1952 constantes.
413 1901 559 1963 Pedes
576 1900 781 1949 habuere
799 1898 877 1949 sex
893 1898 1172 1950 rufescentes
1190 1923 1205 1962 3
1239 1903 1375 1961 alas4
1393 1916 1636 1964 argenteas
1654 1904 1907 1964 anelytras,

69 1965 314 2015 inferiores
335 1979 520 2027 parvas,
549 1961 808 2025 superiores
830 1966 1100 2025 ampliores,
1133 1966 1330 2027 fingulas
1352 1965 1535 2026 singulis
1551 1967 1742 2012 maculis
1759 1967 1906 2029 nigris

68 2028 282 2091 insignes.
346 2029 532 2076 Harum
563 2024 752 2087 insuper
782 2025 1044 2076 muscarum
1082 2028 1174 2075 alia
1198 2028 1363 2075 aculeo
1396 2025 1474 2076 seu
1507 2027 1687 2090 spiculo
1710 2026 1736 2076 ὲ
1758 2030 1904 2077 cauda

68 2093 248 2157 semper
270 2093 569 2156 prominente
581 2103 837 2150 armantur,
871 2095 917 2139 &
939 2093 998 2139 ad
1015 2091 1213 2153 Mouffeti
1237 2088 1489 2139 seticaudas
1511 2092 1673 2140 referri
1695 2090 1903 2154 poffunt,

69 2161 170 2209 aliae
187 2156 244 2208 ezi
264 2158 463 2218 omnino
480 2153 809 2215 destituuntur,
842 2158 888 2203 δε
911 2156 970 2203 in,
984 2155 1078 2204 hoc
1099 2153 1223 2204 forte
1246 2152 1437 2203 sexuum
1459 2153 1739 2204 differentia.

77 2257 82 2260 -
134 2223 399 2272 Mentzelius
425 2222 550 2268 hanc
580 2217 788 2269 muscam
809 2217 953 2282 paulo
974 2222 1112 2269 aliter
1134 2217 1373 2280 describit,
1407 2221 1459 2267 ni
1497 2219 1618 2269 forte
1652 2218 1806 2282 specie
1831 2221 1904 2268 di·-

70 2286 236 2336 stincita
251 2285 390 2334 fuerit
404 2286 526 2333 illius
542 2283 667 2346 Vespa
688 2283 795 2345 rofia
817 2282 845 2332 ὲ
862 2282 1034 2333 nostra.
1101 2286 1284 2333 Oculos
1298 2288 1344 2332 St.
1365 2300 1525 2333 aureos
1544 2289 1590 2333 δε
1609 2284 1792 2346 nigrica
1800 2298 1901 2333 ntes

70 2354 118 2400 ei
134 2352 371 2400 attribuit:
404 2346 612 2399 Dorsum
633 2350 720 2397 five
754 2350 964 2397 medium
984 2362 1200 2397 ventrem
1223 2349 1555 2397 Ultramarino
1572 2347 1747 2398 coelesti
1769 2349 1902 2397 colo*

70 2433 121 2466 re
142 2416 506 2465 eminentiorem
526 2431 539 2462 z
579 2414 834 2463 Abdomen
857 2415 944 2462 sive
966 2427 1178 2462 ventrem
1195 2415 1340 2461 imum
1363 2428 1574 2475 purpurae
1594 2414 1727 2461 omni
1737 2414 1900 2462 colore

69 2482 400 2543 excelfiorem3
431 2479 592 2527 ambos
608 2492 761 2526 autem
778 2479 958 2526 colores
980 2494 1141 2526 aurum
1163 2475 1347 2545 penitus
1366 2475 1724 2539 resplendentes;
1788 2478 1900 2525 Ma-

72 2545 282 2595 cularum
316 2546 368 2594 in
405 2545 489 2592 alis
524 2559 623 2591 non
655 2543 890 2601 meminit,
920 2558 1009 2591 nec
1047 2546 1331 2604 punciorum
1364 2542 1610 2603 nigrorum
1645 2543 1695 2589 in
1718 2555 1897 2590 ventre.

72 2611 296 2670 Denique
320 2624 420 2656 non
434 2608 680 2656 antediem
714 2625 731 2654 1
746 2626 763 2655 1
784 2607 901 2669 Julii
922 2622 982 2655 ex
1004 2608 1276 2670 Bedeguare
1299 2604 1731 2670 Menzzelioegreffae
1747 2603 1865 2653 sunt.

138 2673 249 2721 Post
269 2674 364 2721 dies
385 2674 565 2734 aliquot
582 2670 782 2735 egreffus
806 2673 863 2718 ad
881 2672 1225 2735 Cynorrhodos
1245 2668 1501 2733 spongiolis
1522 2672 1590 2718 his
1613 2670 1804 2718 consitas
1829 2685 1904 2716 re-

74 2739 175 2808 peri
195 2735 351 2798 vespas
375 2738 454 2785 has
477 2737 602 2784 circa
633 2735 821 2785 frutices
846 2733 1000 2784 roseos
1036 2732 1177 2798 paulo
1209 2733 1425 2798 majores,
1455 2738 1719 2784 formicam
1742 2749 1898 2782 tamen

74 2816 302 2864 majorem
319 2817 427 2862 non*
449 2802 746 2862 excedenteS,
780 2798 1321 2914 celerrimeLvolitantes³
1354 2816 1445 2850 nec
1478 2802 1557 2848 diu
1589 2803 1639 2848 in
1662 2816 1758 2847 uuo
1789 2799 1899 2910 {99³

1116 2883 1141 2913 ι
1818 2879 1899 2910 uo-
