2322 3206
1103 35 1388 128 (310)

296 151 591 207 {Calendulae
623 148 863 212 foliorum,
893 134 1062 211 quibus
1088 141 1289 193 vescitur
1311 163 1327 204 3
1359 142 1410 191 in
1427 133 1682 188 interstitiis
1704 137 1933 190 duntaxat
1951 139 2151 192 an-nu104

313 237 417 271 rum
438 219 572 267 lineae
594 216 844 264 circulares
867 215 1135 260 albicantes.

376 283 511 333 Folia
529 277 802 329 Calendulae
825 274 959 324 avide
978 272 1233 323 admodum
1245 269 1458 328 devorat,
1491 269 1538 315 &
1555 265 1881 329 magnitudine
1892 267 2021 318 brevi
2036 282 2153 334 tem3

314 351 441 414 poris
458 344 610 408 spatio
628 345 799 391 mirum
820 343 874 388 in
896 340 1089 386 modum
1104 348 1312 398 augetur.
1571 394 1582 405 ι

378 414 526 462 Initio
548 406 828 470 Septembris
842 402 1266 452 inventariondum
1291 410 1403 461 15to
1420 396 1516 446 hoc
1537 395 1614 445 die
1631 393 1771 445 edere
1785 393 1928 443 defiit.

1073 528 1220 582 Anno
1248 526 1404 600 1697.

320 687 360 719 1.
394 674 532 716 Eruca
560 670 775 714 Geometra
802 662 979 724 crassior,
1012 659 1194 719 viridis,
1226 676 1319 705 cum
1342 657 1501 722 duplici
1523 658 1662 707 ordine
1688 654 1910 722 spinarum
1944 658 1991 705 in
2025 655 2157 722 dorfhj

373 733 495 780 colore
509 728 665 791 obstare}
686 728 850 776 rubente
873 732 918 774 in
934 726 1115 788 summis
1133 722 1286 788 spinis,
1316 721 1427 783 dorfh
1446 722 1597 786 medio,
1630 720 1688 774 ὠ·
1711 722 1908 770 lateribm
1923 736 2159 788 prope-cau.

379 797 496 856 dam,
531 800 654 859 inque
671 792 758 858 ipsa
782 792 930 841 cauda.

396 925 574 973 Pinulae
601 924 830 972 duntaxat
857 935 950 971 tres
970 918 1078 969 sunt
1100 918 1153 967 in
1186 918 1411 966 utrolibet
1435 916 1619 975 ordine,
1651 930 1766 977 quas
1795 915 2035 965 antecedit
2054 917 2159 965 fim-

425 991 538 1052 plex
556 986 741 1051 spinula
768 989 820 1036 in
846 985 949 1050 ipso
970 985 1131 1032 medio
1153 979 1303 1031 dorso.
1365 984 1425 1030 In
1456 978 1636 1029 summa
1660 980 1819 1030 fronte
1840 978 1976 1043 spina
1998 978 2161 1030 obtusa

312 1051 390 1102 seu
413 1055 670 1102 eminentia
688 1053 923 1115 angularis
945 1047 1154 1112 assurgit.
1220 1041 1705 1109 Apieesspinularum
1734 1047 1950 1092 omnium
1977 1046 2163 1095 rubent.

311 1119 372 1167 In
393 1133 596 1180 utroque
620 1118 762 1166 latere
787 1118 845 1164 ad
866 1113 1339 1174 confiniumlaterum
1364 1115 1409 1159 δε
1426 1112 1511 1158 ἰιῑιί
1533 1110 1709 1157 ventris
1724 1109 1849 1157 linea
1872 1108 2018 1157 dilute
2035 1112 2162 1159 lutea

313 1181 341 1230 a
363 1184 518 1246 capite
549 1183 608 1231 ad
646 1183 841 1230 caudam
877 1180 1045 1230 tendit.
1112 1179 1295 1225 Totum
1318 1191 1486 1239 corpus
1506 1174 1733 1235 inaequale
1755 1171 1839 1234 est,
1872 1171 2092 1234 rugosum
2113 1180 2161 1224 δε

310 1245 537 1298 scabrum.
602 1249 825 1312 Corpore
841 1245 907 1295 est
924 1241 1141 1295 craffiore
1156 1246 1202 1291 δε
1224 1242 1481 1301 habitiore,
1511 1239 1813 1301 longitudine
1826 1236 2074 1302 plusquam
2090 1241 2166 1289 di-

349 1315 464 1362 itali.
1401 1326 1409 1330 “

312 1329 345 1376 g
381 1379 507 1430 Maii
529 1395 600 1426 12.
625 1377 699 1426 die
714 1372 743 1423 a
759 1373 948 1438 Corylo
971 1374 1140 1421 arbore
1158 1368 1344 1421 decuffa
1366 1369 1451 1430 est,
1483 1372 1532 1418 δι
1553 1368 1688 1418 brevi
1707 1364 1754 1417 se
1770 1367 1829 1416 ad
1850 1368 2165 1420 mutationem

314 1439 598 1505 composuit,
632 1441 763 1488 tenui
784 1438 1038 1487 admodum
1055 1435 1149 1486 tela
1168 1434 1214 1485 se
1237 1437 1493 1485 occultans.
2075 1451 2078 1454 ⁴

380 1508 509 1566 Junii
526 1524 604 1553 20.
623 1505 698 1552 die
712 1505 936 1553 Phalaenae
949 1502 1102 1550 forma
1121 1502 1238 1550 exiit
1258 1501 1437 1560 viridis,
1469 1499 1552 1547 alis
1570 1498 1675 1547 latis
1699 1496 1880 1560 duplici
1907 1492 2164 1547 transversa

311 1571 439 1620 linea
458 1573 510 1619 in
526 1583 720 1630 utraque
738 1571 918 1618 alarum
943 1568 1065 1628 pari,
1098 1563 1314 1627 arcuata,
1340 1564 1367 1613 ὲ
1388 1564 1572 1627 punctis
1594 1563 1708 1612 albis
1727 1559 1998 1624 composita.

314 1719 361 1750 2.
393 1706 533 1752 Eruca
548 1704 764 1749 Geometra
782 1703 934 1758 minor,
968 1701 1100 1761 capite
1120 1694 1351 1759 :grandiore
1387 1698 1524 1758 nigro,
1556 1708 1709 1758 corpore
1731 1691 1751 1739 ὲ
1771 1691 1915 1741 viridi
1942 1690 2168 1756 albicante,

726 1781 819 1811 cum
837 1764 985 1812 multis
1015 1767 1061 1808 in
1084 1760 1198 1822 dorso
1221 1759 1467 1822 transversis
1487 1759 1636 1807 areolis
1657 1761 1806 1821 nigris.

439 1891 616 1942 Orsum
642 1894 853 1943 medium
875 1893 1003 1941 linea
1025 1890 1232 1938 albicans
1253 1888 1486 1951 percurrit
1509 1903 1522 1935 ε
1554 1887 1792 1937 linearum
1812 1889 2058 1952 nigrarum
2079 1902 2167 1938 nu-

473 1974 624 2007 merus
644 1977 676 2020 7
700 1972 780 2007 aut
806 1963 849 2006 8.
914 1955 1055 2005 Ulmi
1077 1953 1192 2002 folia
1214 1966 1294 2002 aut
1308 1952 1515 2014 Carpini
1535 1949 1816 2015 depascitur.

379 2023 562 2073 Eodem
583 2039 692 2074 cum
720 2021 1005 2088 praecedenti
1022 2034 1237 2082 tempore
1259 2021 1454 2069 inventa
1471 2014 1553 2067 est.

319 2165 360 2211 3.
394 2157 700 2201 EmGeometra
714 2169 857 2218 parva
863 2152 1024 2216 fulva,
1056 2170 1150 2202 cum
1165 2152 1311 2200 areolis
1335 2148 1581 2212 transversts
1597 2151 1643 2195 in
1664 2144 1775 2210 dorfh
1799 2146 2166 2201 atro-rubentibus.

420 2281 604 2343 Legans
621 2281 687 2331 est
704 2283 1050 2332 animalculum.
1077 2282 1211 2342 Junii
1227 2282 1390 2330 mensis
1409 2298 1480 2329 12.
1498 2280 1575 2329 die
1594 2275 1619 2326 ὲ
1633 2278 1775 2328 Malo
1786 2277 1951 2326 arbore
1968 2292 2069 2327 eam
2084 2280 2166 2328 de-

450 2344 680 2408 euffimus,
714 2353 761 2397 8z
785 2349 910 2397 intra
925 2350 1038 2396 duos
1057 2344 1206 2395 tresve
1223 2348 1317 2395 dies
1331 2348 1390 2395 ad
1412 2344 1810 2407 metamorphofin
1823 2340 1871 2391 se
1885 2340 2166 2406 composuit.

383 2408 529 2458 Hanc
552 2426 680 2460 anno
706 2418 843 2474 1696.
876 2409 1237 2473 observavimus,
1269 2408 1345 2459 sed
1367 2427 1467 2460 non
1486 2406 1819 2473 descripsimus.

308 2524 355 2570 4.
390 2515 462 2562 Er.
492 2515 704 2560 Geometra
730 2532 868 2575 parva
886 2513 1113 2577 rubescens,
1144 2514 1401 2576 strifffiffima
1418 2511 1475 2565 c&
1491 2514 1721 2578 praelonga,
1754 2510 2016 2575 Qtercds&
2034 2520 2164 2564 etiam

992 2580 1100 2630 Alm·
1113 2579 1236 2645 foliis
1260 2582 1486 2626 vie‘r'itam.

310 2667 570 2792 PRaeter
594 2672 803 2720 colorem
821 2675 1065 2723 rubentem
1084 2675 1390 2723 luteo-viridi
1409 2674 1583 2722 alicubi
1612 2675 1832 2736 tingitur,
1866 2672 2028 2736 estque
2050 2686 2160 2722 rar-ae

332 2745 337 2751 ’
454 2739 500 2783 &3
526 2734 723 2785 insolitae
740 2740 897 2804 figur-az
917 2757 927 2789 :
963 2736 1123 2789 verum
1145 2736 1253 2789 cum
1277 2755 1383 2790 eam
1401 2736 1664 2789 describere
1681 2737 1938 2788 distulerim
1962 2734 2160 2808 quod-in

2012 2818 2159 2864 majo-
