2322 3206
646 202 864 291 Locustam
884 232 1127 292 aquaticam
1149 217 1377 294 Mouffet'i

230 348 333 398 UC
363 345 502 397 refert
517 346 580 397 D.
599 347 848 411 Willughby,
863 364 963 410 quae
992 348 1194 413 (inquit)
1217 362 1412 414 propter
1429 348 1624 414 figuram
1643 354 1690 403 &
1710 353 1919 417 longini-2

261 414 422 474 dinem
436 415 604 459 Mamis
627 417 821 477 aquatica
844 415 940 463 dici
957 429 1172 462 meretur.
1219 416 1400 464 Uncias
1422 431 1442 477 3
1462 419 1487 464 ἑ·
1508 418 1652 481 longa
1673 415 1754 467 est.
1786 419 1916 468 Cau-

94 479 153 524 da
186 496 207 524 1
227 478 282 539 ἐς
315 493 481 539 corpus
524 495 544 524 1
567 493 630 539 ÷3
665 492 878 526 antennae
913 475 990 525 seu
1020 480 1159 540 pedes
1192 481 1370 541 priores
1396 478 1455 540 ἐς
1502 481 1671 543 pedum
1700 481 1918 533 ultimum

91 556 181 602 par
206 559 227 588 1
250 545 284 588 ὲ.
350 541 481 589 Prius
507 556 590 603 par
616 538 763 605 paulo
798 542 978 590 brevius
999 541 1079 589 est.
1143 543 1361 605 Corpore
1393 542 1459 591 est
1498 544 1708 607 angusto.
1773 549 1921 596 Pedes

95 606 351 652 anteriores
368 605 543 652 direffl‘t
565 603 829 654 antrorsum
846 618 1155 662 antennarum
1177 606 1320 654 instar
1339 609 1566 669 exrendit,
1601 611 1683 671 qui
1704 608 1785 659 sub
1806 627 1921 660 ocu-

93 667 152 715 lis
169 665 284 729 saepe
305 681 577 729 tanguntur,
608 684 660 717 ut
677 671 727 717 in
752 670 1026 731 Scorpione.
1088 669 1166 718 Ab
1190 673 1556 720 extremitatibus
1577 675 1716 736 digiti
1735 673 1808 723 seu
1833 691 1920 723 unu

90 746 208 794 ,gues
248 733 610 794 reduplicantur.
675 730 884 782 Inferius
908 733 1089 794 peE'tori
1112 735 1204 780 duo
1230 735 1410 795 reliqua
1439 737 1610 797 pedum
1645 740 1920 801 paria‘prae-

91 797 240 857 longa
270 797 397 844 fimul
420 795 515 844 fere
536 798 689 857 affixa,
721 811 772 844 ut
796 798 846 844 in
863 793 1128 856 scorpione,
1161 797 1212 844 in
1244 814 1420 860 ungues
1448 799 1582 847 binos
1605 802 1738 849 valde
1759 815 1919 850 tenues

95 860 348 907 desinentia
369 878 379 908 ε
414 862 503 908 His
526 864 646 923 repit
669 865 715 910 8ῑ
731 872 874 909 natat.
938 861 1160 907 Natando
1191 862 1418 923 prioribus
1442 866 1488 910 δε
1523 864 1809 913 brevioribus
1831 868 1921 915 uti-

62 922 188 984 stu'r,
221 924 511 985 longioribus
539 930 586 973 δε
619 923 950 987 posterioribus
983 919 1029 970 se
1061 939 1240 991 meyer,
1273 926 1418 972 tribus
1448 928 1654 975 articulis
1690 928 1921 978 constant.

93 989 252 1034 Color
268 983 415 1036 fuscus
434 986 511 1036 seu
530 986 809 1036 sordescens.
871 987 1020 1035 Oculi
1056 993 1223 1048 parum
1249 991 1578 1050 prominentes.
1646 992 1737 1040 Sub
1759 994 1916 1057 elytris

95 1051 177 1097 alae
199 1052 446 1099 albidiores
463 1066 621 1100 tenues
643 1053 968 1100 cum-tinaura
986 1051 1075 1098 levi
1096 1051 1287 1100 ruboris.
1352 1055 1518 1101 Cauda
1537 1056 1697 1116 longa,
1731 1071 1791 1105 ex
1807 1058 1920 1104 dua-

89 1114 176 1162 bus
193 1112 298 1170 setis
318 1114 548 1174 constans,
574 1129 631 1163 *ut
652 1118 703 1164 in
716 1117 992 1175 Scorpione.
1054 1117 1283 1162 Praeterea
1303 1114 1639 1165 observandum
1655 1117 1741 1178 est,
1779 1120 1919 1181 pedes

93 1179 146 1225 in
177 1181 334 1226 medio
355 1180 553 1226 articulo
579 1175 867 1226 sursumzesse
889 1178 1092 1235 flexiles,
1127 1194 1225 1224 non
1249 1177 1495 1241 deorsum3
1529 1194 1577 1227 at
1610 1182 1692 1228 ubi
1727 1186 1917 1243 corpori

87 1238 107 1303 ‚j
114 1257 349 1304 unguntur
371 1239 597 1291 deorsum.
630 1244 820 1305 Lingua
833 1253 969 1290 acuta
986 1241 1110 1288 inter
1121 1242 1264 1302 pedes
1279 1243 1477 1305 priores,
1493 1244 1607 1292 utin
1625 1244 1898 1306 Scorpione.

898 1364 1120 1436 Locustae.
1140 1388 1149 1390 ⁷

107 1524 109 1526 ·
196 1500 245 1548 X
274 1498 486 1559 Locustis
507 1499 661 1560 plures
683 1512 807 1546 mare
910 1493 1092 1559 equam
1112 1495 1341 1558 foeminas,
1373 1493 1534 1547 nescio
1558 1512 1618 1548 an
1636 1496 1733 1563 ipse
1759 1496 1915 1550 obser-

227 1564 371 1624 vavit,
403 1579 463 1611 an
495 1564 685 1611 aliunde
715 1564 802 1617 hau
885 1563 948 1610 D.
966 1562 1217 1626 Willughby.
1281 1563 1339 1610 In
1358 1563 1457 1610 aliis
1487 1562 1612 1611 certe
1628 1561 1919 1613 Inseciorurn

86 1628 356 1687 generibus,
399 1629 450 1674 ni
470 1630 667 1675 multum
696 1625 917 1685 fallimur,
949 1623 1147 1674 foeminae
1164 1628 1428 1689 plerunque
1445 1629 1777 1677 numerosiores
1798 1626 1919 1678 sunt.

89 1689 263 1739 Nostrzi
306 1688 601 1753 experientia
645 1689 826 1739 constat
869 1689 1050 1751 (inquit
1085 1691 1513 1750 Swammerdamius)
1541 1707 1642 1741 non
1667 1690 1920 1752 foemellas,

84 1751 164 1802 sed
190 1752 310 1803 solos
343 1752 566 1803 masculos
595 1755 852 1804 cantillare.
917 1754 1079 1803 Celeri
1111 1769 1268 1803 autem
1294 1755 1473 1803 alarum
1511 1756 1570 1804 ad
1600 1757 1740 1819 pedes
1761 1754 1914 1818 poste-

87 1818 244 1895 riores!
265 1815 450 1868 affridtu
488 1820 722 1882 pleraeque
764 1817 1011 1867 stridorem
1052 1819 1236 1881 edunt3
1282 1819 1520 1868 nonnullae
1556 1821 1736 1869 alarum
1778 1821 1836 1868 ad
1869 1817 1918 1869 se

82 1896 268 1931 mutuo,
1311 1902 1325 1905 ⁷*

153 1948 313 1996 Mares
347 1948 398 1994 in
427 1947 520 1995 hoc
542 1963 715 2011 genere
745 1946 822 2005 <ut
849 1949 901 1996 in
929 1947 1028 1994 aliis
1064 1943 1279 2005 Insec'tis)
1312 1944 1512 1994 foeminis
1546 1947 1751 1994 minores
1780 1943 1920 2008 sunt,'

85 2025 254 2072 praeter
276 2011 524 2070 rationem,
560 2007 668 2059 cum
686 2013 736 2059 in
753 2025 884 2060 utero
900 2025 990 2059 ova
1007 2011 1224 2072 plurima⁹
1259 2010 1318 2057 ad
1339 2023 1552 2059 trecenta
1569 2010 1808 2058 interdum
1830 2025 1911 2060 aut

90 2076 433 2136 quadringenta
450 2077 698 2123 continere
720 2077 937 2133 debeant,
969 2070 1219 2136 secumque
1242 2073 1556 2121 circumferre.
1741 2123 1753 2133 ‚

151 2140 350 2187 Notabis
364 2139 415 2185 in
431 2139 524 2187 hoc
539 2136 719 2187 Insecsto
736 2142 816 2187 vix
834 2136 1024 2187 differre
1036 2137 1639 2201 Nympham-vermiculum
1653 2134 1682 2184 ὲ
1700 2135 1923 2186 Locusta.'

88 2204 264 2251 ‘Omnis
295 2198 558 2249 differentia
590 2199 648 2250 eo
670 2199 816 2250 solum
838 2203 974 2261 redit,
1007 2215 1058 2248 ut
1089 2203 1168 2248 alae
1197 2201 1248 2247 in
1280 2198 1477 2248 Locusta
1502 2196 1712 2262 expansae
1738 2206 1787 2251 δε
1809 2215 1916 2249 cor-

89 2263 284 2329 pusculo
305 2264 656 2328 superinstratae,
689 2267 740 2313 in
762 2267 984 2328 nymphis
1005 2265 1095 2312 illis
1116 2283 1148 2324 4
1178 2265 1394 2324 globulis,
1427 2280 1513 2312 ceu
1529 2265 1581 2311 in
1603 2264 1770 2313 libellis
1797 2281 1915 2314 con·

80 2333 257 2379 volutae
273 2330 637 2392 conspiciantur.
702 2332 862 2391 Quam
880 2332 1057 2377 alarum
1079 2329 1485 2388 convolutionem,
1515 2331 1562 2376 δε
1578 2326 1804 2377 finuosam
1827 2344 1911 2377 oc·

87 2395 464 2443 cultationemin
483 2396 620 2455 culpa
633 2391 764 2441 fuiffe
779 2407 1007 2456 putamus,
1041 2407 1090 2439 ut
1110 2391 1429 2452 Aldrovandm,
1464 2391 1710 2454 Mouffetm‚
1743 2395 1910 2454 Jonsto-

92 2479 183 2518 nus„
217 2459 389 2519 aliique
420 2460 587 2505 horum
615 2456 942 2519 mysteriorum
973 2453 1242 2516 sagaciffimi
1274 2469 1453 2518 epoptae
1485 2456 1569 2503 hos
1603 2456 1906 2504 Locustarum

88 2523 367 2570 vermiculos
398 2523 601 2569 dixerint
620 2522 798 2568 Bruchos
815 2520 893 2569 seu
913 2522 1103 2580 Locustas
1121 2525 1340 2582 imperinm,
1372 2535 1484 2580 quas
1505 2521 1910 2581 protuberantibus

91 2588 172 2633 ¹alis
192 2585 422 2644 simelam,
455 2589 500 2632 &
518 2587 648 2632 auera
669 2586 719 2632 in
743 2584 954 2633 fctanellis
975 2581 1241 2645 corpusculi
1260 2585 1384 2631 mole
1402 2582 1560 2643 Aftllos
1581 2581 1906 2641 nominarunt,

86 2649 286 2699 >nomina
303 2649 463 2710 utique
486 2649 577 2698 fine
594 2647 859 2699 necestitate
880 2647 1255 2709 multiplicantes.
1322 2646 1671 2696 Swammerdam.

1013 2774 1042 2821 ΔΙ
1077 2791 1102 2822 2,
1752 2771 1904 2822 ‹Circa
