2322 3206
1152 61 1456 155 (ωε)

405 260 444 308 5.
470 238 630 308 Papilio
661 237 796 290 media
819 235 949 304 pulla,
993 237 1071 287 alis
1093 230 1262 298 ficpernb
1291 231 1466 280 maculis
1498 229 1641 294 luteis,
1685 246 1735 279 ex
1767 228 1872 283 luted
1903 229 2134 281 albentibus
2166 222 2224 288 ὀ·

1113 302 1246 361 nigris
1262 301 1512 361 variegatis.

471 435 521 486 N
552 435 634 482 alis
676 429 983 481 exterioribus
1012 440 1179 492 praeter
1200 425 1402 475 maculas
1436 419 1707 486 majusculas
1741 437 1801 472 ex
1829 423 1959 473 luteo
1981 424 2235 473 albicantes

504 494 654 546 versus
680 496 907 544 extimum
927 495 1008 542 alae
1027 492 1253 555 angulum
1277 491 1473 539 habetur
1495 489 1638 538 etiam
1665 490 1846 537 macula
1879 489 2078 536 rotunda
2097 489 2237 550 nigra

405 579 515 612 cum
533 563 709 625 puncto
731 560 782 607 in
803 559 962 606 medio
983 558 1112 618 albo,
1143 557 1350 605 ocellum
1367 553 1581 604 referens.
1649 553 1709 602 In
1731 553 1812 601 alis
1834 552 2130 601 interioribus
2148 565 2239 601 tres

404 628 593 675 maculae
616 624 789 673 ocellos
810 624 1046 671 imitantes
1069 622 1246 684 duplici
1268 620 1466 679 circulo,
1499 617 1735 666 exteriore
1771 615 1798 664 ὲ
1828 618 1956 666 luteo
1985 617 2237 676 albicante,

405 691 630 740 interiore
656 689 825 737 latiore
841 688 1001 750 nigrO,
1032 703 1142 735 cum
1158 687 1333 747 puncto
1356 686 1406 732 in
1425 683 1583 731 medio
1612 682 1721 730 albo
1742 695 2108 744 componuntur,
2141 695 2241 728 ma-

408 756 513 803 cula
530 767 696 816 quarta
719 753 902 801 flavicat
918 767 1026 800 cum
1043 753 1218 814 puncto
1240 751 1292 798 in
1326 749 1484 798 medio
1514 747 1673 809 nigr0,
1704 748 1756 795 in
1778 747 1904 802 linea
1926 744 2131 809 margini
2146 743 2243 792 ala-

408 835 511 867 rum
530 817 752 880 parallela
769 818 868 866 fitae.
934 817 1036 866 Alae
1054 816 1233 864 circum
1248 829 1350 863 oras
1371 815 1569 862 dentatae
1584 808 1707 872 sunt,
1740 815 1786 859 δε
1808 811 1985 860 lineola
2006 810 2243 857 albicante

407 896 678 931 terminatae.

474 948 622 995 Circa
648 945 856 994 medium
869 944 1003 1006 Junii
1027 941 1291 1004 frequentes
1313 937 1655 991 observavimus
1676 939 1725 988 in
1751 941 1967 1003 pomario
2001 935 2161 987 nostro
2195 938 2240 986 δε

413 1011 546 1072 alibi,
577 1007 676 1059 imo
692 1026 775 1073 per
792 1023 942 1058 totam
959 1006 1173 1056 aestatem.

415 1148 455 1189 6.
491 1138 652 1203 Papilio
670 1134 918 1202 majuscula,
951 1136 1030 1184 alis·
1045 1135 1181 1200 pullis,
1214 1151 1307 1180 cum
1331 1132 1486 1196 duplici
1503 1137 1547 1180 in
1561 1131 1826 1180 exterioribus
1836 1131 2003 1179 macula*
2026 1128 2155 1189 luted,
2187 1125 2244 1179 ὦ

443 1205 599 1271 duplici
620 1203 728 1251 oculo
749 1207 883 1265 nigro.
953 1205 1053 1265 Pap.
1070 1199 1195 1248 oculis
1217 1202 1370 1262 nigris,
1391 1195 1536 1260 fiibtus
1553 1215 1819 1258 marmorem,
1851 1195 1977 1247 Mus.
1995 1198 2096 1245 Pet.
2112 1209 2217 1258 307.

545 1330 758 1382 Rticaria
781 1332 938 1379 minor
956 1325 1040 1388 est,
1071 1323 1148 1376 sed
1166 1322 1367 1388 ejusdem
1392 1325 1567 1391 figurae,
1602 1325 1685 1373 alis
1706 1324 1890 1388 ampliS,
1921 1324 2084 1374 colore
2097 1324 2246 1389 pulle,

579 1411 686 1445 cum
699 1396 877 1458 duplici
893 1396 945 1452 in
957 1392 1145 1454 singulis
1160 1391 1343 1440 macula
1360 1390 1504 1450 lutea,
1537 1388 1659 1437 infra
1674 1390 1875 1438 mediam
1892 1403 2087 1451 partem,
2121 1405 2252 1440 exte-

415 1464 542 1510 riore
562 1457 757 1522 angusta
783 1459 1012 1520 oblonga,
1043 1471 1154 1505 cum
1186 1455 1345 1504 ocello
1381 1455 1433 1502 in
1463 1454 1624 1502 medio
1652 1453 1811 1515 nigro,
1842 1454 1929 1501 cui.
1950 1468 2040 1515 pro
2071 1456 2251 1517 pupilla

415 1517 690 1590 prinei-ulum
711 1524 869 1573 album
889 1541 904 1584 3
929 1520 1162 1571 interiore
1190 1515 1367 1581 majore
1389 1521 1436 1567 &
1458 1513 1806 1566 rotundiuscula
1828 1532 1937 1566 cum
1950 1519 2179 1567 consimili
2198 1522 2249 1569 in

417 1591 576 1639 medio
597 1589 752 1637 ocello
775 1589 927 1651 nigro.
991 1586 1119 1643 Imus
1143 1583 1224 1632 alae
1244 1597 1411 1646 margo
1445 1578 1646 1631 smuosus
1676 1584 1723 1631 &
1749 1582 1962 1630 dentatus
1995 1580 2101 1632 alba
2123 1581 2252 1633 lineat

415 1655 604 1717 insignis
621 1652 701 1701 est.
765 1651 1019 1700 Interiores
1041 1649 1123 1697 alae
1145 1648 1455 1697 exterioribus
1477 1647 1770 1706 concoloreS,
1803 1646 1886 1694 nifi
1908 1642 2034 1708 quod
2057 1647 2251 1698 unicam

414 1715 717 1768 transversam
755 1716 901 1764 latam
936 1713 1232 1768 flavicantem
1263 1727 1419 1759 aream
1441 1713 1703 1759 obtineant.
1768 1708 1973 1759 Inferior
1998 1711 2080 1760 alae
2111 1710 2253 1763 facies

417 1783 565 1842 fulvo,
597 1783 863 1839 flavicante,
900 1778 1008 1826 albo
1031 1781 1076 1826 ἅτ,
1098 1778 1239 1839 nigro
1259 1773 1417 1838 spatiis
1436 1778 1482 1822 δε
1504 1775 1639 1823 lineis
1654 1775 1904 1837 variegata.

484 1847 600 1895 Haec
621 1843 650 1894 a
666 1846 729 1895 D.
746 1844 919 1892 Tillema
936 1841 1111 1890 Bobarto
1133 1841 1191 1888 ad
1212 1856 1289 1888 me
1305 1835 1563 1888 transmissa
1583 1835 1670 1887 est.

481 1911 616 1960 Huic
639 1909 790 1957 similis
819 1921 948 1955 anno
988 1910 1125 1967 1697.
1156 1904 1275 1954 mihi
1312 1903 1662 1952 communicata
1696 1900 1765 1950 est
1798 1901 1864 1950 ab.
1889 1901 2254 1965 ingenioliffimo

419 1976 526 2024 viro
548 1975 613 2025 D.
632 1972 808 2022 Davide
828 1974 961 2034 Kreig
977 1969 1132 2019 M.D.,
1165 1968 1475 2031 Annabergensi
1499 1972 1679 2027 Saxone,
1722 1968 1774 2014 in
1802 1966 1997 2016 collibus
2018 1974 2255 2034 Gogmagog

421 2041 555 2089 dietis
576 2039 679 2102 agri
693 2035 1041 2099 Cantabrigienfis
1059 2035 1270 2093 inventa,
1303 2034 1385 2082 alis
1398 2032 1554 2095 pulliS,
1584 2027 1840 2080 transversa
1854 2028 1962 2079 area
1981 2031 2112 2082 latae
2126 2033 2257 2084 fulvo

422 2105 673 2153 flavicante
695 2100 818 2151 infra
839 2100 1042 2150 mediam
1060 2097 1408 2161 longitudinem
1429 2093 1587 2157 ducta,
1618 2099 1665 2145 &
1681 2097 1739 2144 ad
1755 2097 1904 2144 imum
1921 2112 2070 2160 prope
2084 2099 2262 2161 margi-

425 2184 537 2218 nem
562 2163 786 2228 extens2i3
817 2165 870 2214 in
892 2162 1203 2213 exterioribus
1224 2177 1323 2210 non
1348 2161 1406 2208 ab
1425 2157 1526 2223 ipso
1541 2161 1754 2223 margine
1768 2161 1957 2222 incipit,
1991 2162 2041 2209 in
2061 2164 2261 2212 interio-

426 2234 550 2283 ribus
563 2227 706 2296 paulo
719 2231 840 2279 ultra
856 2228 1063 2284 mediam
1078 2227 1373 2275 latitudinem
1398 2225 1686 2287 producitur.
1750 2226 1807 2274 In
1827 2224 1920 2272 hoc
1941 2221 2090 2287 spatio
2102 2228 2153 2275 in
2175 2243 2262 2276 ex-

426 2298 673 2346 terioribus
693 2296 776 2344 alis
793 2293 936 2344 ocelli
951 2293 1046 2340 duo
1073 2289 1305 2340 habentur
1328 2290 1508 2338 circulo
1524 2289 1664 2351 nigro
1682 2304 1791 2338 cum
1825 2291 2001 2350 puneco
2018 2291 2068 2338 in
2097 2292 2259 2340 medio

429 2362 540 2410 albo
553 2358 847 2421 constantes3
877 2359 930 2405 in
952 2355 1251 2406 interioribus
1271 2354 1434 2403 unicus
1455 2369 1604 2418 prope
1630 2354 1850 2402 intimum
1868 2367 1983 2400 areae
1996 2357 2260 2418 marginem

430 2440 616 2488 parvus,
648 2439 786 2485 quem
806 2424 857 2470 in
873 2421 1088 2470 Phalaena
1099 2420 1385 2468 Bobertiana
1406 2435 1506 2467 non
1522 2414 1775 2466 observavi.
1840 2416 2036 2466 Alarum
2054 2421 2261 2468 exterio-

431 2504 535 2538 rum
558 2503 705 2551 prona
725 2483 986 2548 superficies
1001 2497 1101 2534 tota
1118 2497 1283 2545 praeter
1305 2484 1569 2544 marginem
1589 2483 1874 2530 exteriorem
1889 2481 2035 2531 dilute
2051 2483 2262 2536 flavicat:

432 2554 630 2604 interior
658 2564 814 2598 autem
835 2563 1000 2611 margo
1027 2548 1215 2598 lineolis
1245 2547 1585 2610 nigricantibus
1612 2546 1809 2594 &luteis
1828 2546 2018 2595 alternis
2040 2547 2263 2610 variatur,

434 2616 559 2667 infra
580 2617 784 2664 mediam
812 2612 1163 2674 longitudinem
1199 2612 1297 2660 duae
1334 2611 1516 2660 lineolae
1545 2612 1745 2659 incurvae
1777 2607 2077 2673 longiusculae
2108 2608 2262 2662 versus

436 2682 641 2731 mediam
660 2679 783 2727 alam
804 2678 1136 2740 producuntur.
1205 2678 1362 2726 Prona
1383 2677 1562 2724 alarum
1590 2675 1869 2722 interiorum
1895 2668 2155 2737 superficies
2177 2677 2264 2724 du-

446 2746 591 2795 stibus
607 2742 850 2795 &lineolis
869 2736 1129 2791 transversis
1150 2739 1174 2792 ὲ
1195 2741 1322 2791 luteo
1339 2739 1645 2790 albicantibus
1659 2742 1705 2790 &
1720 2738 2061 2800 nigricantibus
2074 2740 2263 2789 alternis

2067 2803 2264 2865 pulchre
